{"gold_per_floor":[117,192,203,54,54,54,90,90,90,110,124,124,45,86,86,207,207,226,226,325,52,69,101,101,121,121,147,147,167,196,71,71,167,167,180,100,100,120,134,134,166,166,166,166,126,157,27,61,61,61],"floor_reached":51,"playtime":1463,"items_purged":["Strike_R","Strike_R","Strike_R"],"score":1222,"play_id":"00dc2117-1268-4f6f-a81f-5847c5ef6e20","local_time":"20190713160808","is_ascension_mode":false,"campfire_choices":[{"data":"Bash","floor":6.0,"key":"SMITH"},{"data":"Armaments","floor":15.0,"key":"SMITH"},{"data":"Offering","floor":24.0,"key":"SMITH"},{"data":"Inflame","floor":32,"key":"SMITH"},{"data":"Barricade","floor":40,"key":"SMITH"},{"data":"Disarm","floor":42,"key":"SMITH"},{"data":"Entrench","floor":44,"key":"SMITH"},{"data":"Sword Boomerang","floor":49,"key":"SMITH"}],"neow_cost":"TEN_PERCENT_HP_LOSS","seed_source_timestamp":0,"circlet_count":0,"master_deck":["Defend_R","Defend_R","Defend_R+1","Defend_R","Bash+1","Seeing Red","Armaments+1","Sword Boomerang+1","Spot Weakness","Inflame+1","Offering+1","True Grit+1","Corruption+1","Barricade+1","Pommel Strike+1","Dropkick+1","Ghostly","Ghostly","Ghostly","Ghostly","Ghostly","Entrench+1","Feed+1","Body Slam+1","Disarm+1","Demon Form+1","Battle Trance+1","Burning Pact","Shockwave"],"special_seed":0,"relics":["Burning Blood","Bloody Idol","Mummified Hand","Ornamental Fan","Regal Pillow","Mark of Pain","Tiny Chest","Molten Egg 2","Pear","Orichalcum","Frozen Egg 2","Philosopher\u0027s Stone","CultistMask","PreservedInsect","Shuriken","Blue Candle","Bag of Preparation"],"potions_floor_usage":[27,41,50,50,50],"damage_taken":[{"damage":9.0,"enemies":"2 Louse","floor":1.0,"turns":3.0},{"damage":6.0,"enemies":"Jaw Worm","floor":3.0,"turns":3.0},{"damage":30.0,"enemies":"3 Sentries","floor":7.0,"turns":9.0},{"damage":0.0,"enemies":"Cultist","floor":10.0,"turns":3.0},{"damage":5.0,"enemies":"3 Louse","floor":11.0,"turns":4.0},{"damage":6.0,"enemies":"Gremlin Nob","floor":14.0,"turns":3.0},{"damage":29.0,"enemies":"Hexaghost","floor":16.0,"turns":7.0},{"damage":20.0,"enemies":"Spheric Guardian","floor":18.0,"turns":4.0},{"damage":16.0,"enemies":"2 Thieves","floor":22.0,"turns":4.0},{"damage":47.0,"enemies":"Book of Stabbing","floor":23.0,"turns":5.0},{"damage":39.0,"enemies":"3 Cultists","floor":25.0,"turns":5.0},{"damage":21,"enemies":"Gremlin Leader","floor":27,"turns":6},{"damage":1,"enemies":"Snake Plant","floor":29,"turns":6},{"damage":1,"enemies":"Book of Stabbing","floor":30,"turns":4},{"damage":1,"enemies":"Champ","floor":33,"turns":11},{"damage":6,"enemies":"3 Shapes","floor":35,"turns":6},{"damage":17,"enemies":"3 Darklings","floor":38,"turns":7},{"damage":1,"enemies":"Jaw Worm Horde","floor":39,"turns":4},{"damage":6,"enemies":"Reptomancer","floor":41,"turns":8},{"damage":1,"enemies":"Nemesis","floor":46,"turns":5},{"damage":1,"enemies":"Reptomancer","floor":48,"turns":6},{"damage":31,"enemies":"Time Eater","floor":50,"turns":8}],"seed_played":"-3393124716208827192","potions_obtained":[{"floor":1.0,"key":"Strength Potion"},{"floor":3.0,"key":"GamblersBrew"},{"floor":10.0,"key":"SneckoOil"},{"floor":14.0,"key":"BloodPotion"},{"floor":18.0,"key":"Explosive Potion"},{"floor":29,"key":"Dexterity Potion"},{"floor":30,"key":"GamblersBrew"},{"floor":33,"key":"PowerPotion"}],"is_trial":false,"path_per_floor":["M","?","M","$","?","R","E","?","T","M","M","?","$","E","R","B",null,"M","?","?","$","M","E","R","M","T","E","?","M","E","$","R","B",null,"M","$","?","M","M","R","E","R","T","R","?","E","$","E","R","B",null],"character_chosen":"IRONCLAD","items_purchased":["Sword Boomerang","SteroidPotion","Inflame","Tiny Chest","PowerPotion","Body Slam+1","Disarm","PowerPotion","Shockwave"],"campfire_rested":0,"item_purchase_floors":[4,4,13,21,21,36,36,47,47],"current_hp_per_floor":[69,58,58,58,40,40,16,16,16,22,23,47,47,47,47,24,72,58,58,63,68,68,50,50,22,32,22,22,32,41,41,41,41,41,45,45,45,43,53,53,57,57,57,57,57,61,61,65,65,40],"gold":61,"neow_bonus":"REMOVE_TWO","is_prod":false,"is_daily":false,"chose_seed":false,"campfire_upgraded":8,"win_rate":0,"timestamp":1563001688,"path_taken":["M","?","M","$","?","R","E","?","T","?","M","?","?","E","R","BOSS","M","?","?","?","M","E","R","?","T","E","?","M","E","$","R","BOSS","M","$","?","?","M","R","E","R","T","R","?","E","?","E","R","BOSS"],"build_version":"2019-07-05","purchased_purges":3,"victory":true,"max_hp_per_floor":[72,72,72,72,72,72,72,72,72,72,72,72,72,72,72,72,72,72,72,72,72,72,72,72,72,82,82,41,41,41,41,41,41,41,45,45,45,49,53,53,57,57,57,57,57,61,61,65,65,65],"card_choices":[{"not_picked":["Perfected Strike","Body Slam"],"picked":"Seeing Red","floor":1.0},{"not_picked":["Anger","Perfected Strike"],"picked":"Armaments","floor":3.0},{"not_picked":["Heavy Blade","Sever Soul","Iron Wave"],"picked":"SKIP","floor":7.0},{"not_picked":["Thunderclap","Searing Blow"],"picked":"Spot Weakness","floor":10.0},{"not_picked":["Clash","Heavy Blade","Warcry"],"picked":"SKIP","floor":11.0},{"not_picked":["Headbutt","Cleave","Metallicize"],"picked":"SKIP","floor":14.0},{"not_picked":["Fiend Fire","Double Tap"],"picked":"Offering","floor":16.0},{"not_picked":["Anger","Havoc"],"picked":"True Grit+1","floor":18.0},{"not_picked":["Perfected Strike","Inflame"],"picked":"Corruption+1","floor":22.0},{"not_picked":["Entrench","Twin Strike"],"picked":"Barricade","floor":23.0},{"not_picked":["Thunderclap+1","Corruption"],"picked":"Pommel Strike+1","floor":25.0},{"not_picked":["Sentinel+1","True Grit+1"],"picked":"Dropkick+1","floor":27},{"not_picked":["Flex+1","Perfected Strike+1"],"picked":"Entrench","floor":29},{"not_picked":["Twin Strike+1","Wild Strike+1","Corruption"],"picked":"SKIP","floor":30},{"not_picked":["Impervious","Bludgeon+1"],"picked":"Feed+1","floor":33},{"not_picked":["Anger+1","Clothesline+1","Havoc+1"],"picked":"SKIP","floor":35},{"not_picked":["Wild Strike+1","Headbutt+1","Flex"],"picked":"SKIP","floor":38},{"not_picked":["Whirlwind+1","Clash+1"],"picked":"Demon Form+1","floor":39},{"not_picked":["Infernal Blade","Disarm"],"picked":"Battle Trance","floor":41},{"not_picked":["Wild Strike+1","Whirlwind+1"],"picked":"Burning Pact","floor":46},{"not_picked":["Battle Trance","Anger+1","Clothesline+1"],"picked":"SKIP","floor":48}],"player_experience":998607,"relics_obtained":[{"floor":7.0,"key":"Mummified Hand"},{"floor":9.0,"key":"Ornamental Fan"},{"floor":14.0,"key":"Regal Pillow"},{"floor":23.0,"key":"Molten Egg 2"},{"floor":26.0,"key":"Pear"},{"floor":27,"key":"Orichalcum"},{"floor":30,"key":"Frozen Egg 2"},{"floor":41,"key":"PreservedInsect"},{"floor":43,"key":"Shuriken"},{"floor":46,"key":"Blue Candle"},{"floor":48,"key":"Bag of Preparation"}],"event_choices":[{"damage_healed":0.0,"max_hp_gain":0.0,"max_hp_loss":0.0,"gold_gain":75.0,"event_name":"World of Goop","player_choice":"Gather Gold","floor":2.0,"gold_loss":0.0,"damage_taken":11.0},{"damage_healed":0.0,"max_hp_gain":0.0,"max_hp_loss":0.0,"gold_gain":0.0,"event_name":"Golden Idol","player_choice":"Take Damage","floor":5.0,"gold_loss":0.0,"damage_taken":18.0,"relics_obtained":["Golden Idol"]},{"damage_healed":0.0,"max_hp_gain":0.0,"max_hp_loss":0.0,"gold_gain":0.0,"event_name":"Liars Game","player_choice":"Ignored","floor":8.0,"gold_loss":0.0,"damage_taken":0.0},{"damage_healed":24.0,"max_hp_gain":0.0,"max_hp_loss":0.0,"gold_gain":0.0,"event_name":"Big Fish","player_choice":"Banana","floor":12.0,"gold_loss":0.0,"damage_taken":0.0},{"damage_healed":0.0,"max_hp_gain":0.0,"max_hp_loss":0.0,"gold_gain":0.0,"event_name":"Forgotten Altar","player_choice":"Gave Idol","floor":19.0,"relics_lost":["Golden Idol"],"gold_loss":0.0,"damage_taken":0.0,"relics_obtained":["Bloody Idol"]},{"damage_healed":0.0,"max_hp_gain":0.0,"max_hp_loss":0.0,"gold_gain":99.0,"event_name":"Nest","player_choice":"Stole From Cult","floor":20.0,"gold_loss":0.0,"damage_taken":0.0},{"damage_healed":0,"gold_gain":0,"player_choice":"Became a Ghost","damage_taken":0,"max_hp_gain":0,"max_hp_loss":41,"event_name":"Ghosts","floor":28,"gold_loss":0,"cards_obtained":["Ghostly","Ghostly","Ghostly","Ghostly","Ghostly"]},{"damage_healed":0,"gold_gain":0,"player_choice":"Trade","damage_taken":0,"relics_obtained":["CultistMask"],"max_hp_gain":0,"max_hp_loss":0,"event_name":"FaceTrader","floor":37,"gold_loss":0},{"damage_healed":0,"gold_gain":0,"player_choice":"Upgraded Two","damage_taken":0,"max_hp_gain":0,"max_hp_loss":0,"event_name":"Designer","floor":45,"gold_loss":40,"cards_upgraded":["Defend_R","Battle Trance"]}],"is_beta":false,"boss_relics":[{"not_picked":["Eternal Feather","Runic Cube"],"picked":"Mark of Pain"},{"not_picked":["Runic Dome","Tiny House"],"picked":"Philosopher\u0027s Stone"}],"items_purged_floors":[4,21,31],"is_endless":false,"potions_floor_spawned":[1,3,10,14,18,29,30,33,38,48],"ascension_level":0}