{"gold_per_floor":[109,127,127,127,51,51,85,85,131,131,56,56,76,89,89,168,168,181,193,217,232,252,252,283,283,283,247,267,279,68,84,84,158,158,173,183,183,197,207,234,234,262,317,333,333,333,359,377,377,377,377,377,377,75,109,109],"floor_reached":56,"playtime":3027,"items_purged":["Bludgeon"],"score":2118,"play_id":"2427ee25-2d00-424b-9213-4a181f8aae75","local_time":"20190609234036","is_ascension_mode":true,"campfire_choices":[{"data":"Bash","floor":6,"key":"SMITH"},{"data":"Armaments","floor":8,"key":"SMITH"},{"data":"Feel No Pain","floor":10,"key":"SMITH"},{"data":"Whirlwind","floor":15,"key":"SMITH"},{"data":"Fiend Fire","floor":23,"key":"SMITH"},{"data":"Carnage","floor":25,"key":"SMITH"},{"data":"Pommel Strike","floor":32,"key":"SMITH"},{"floor":41,"key":"REST"},{"floor":45,"key":"RECALL"},{"data":"Barricade","floor":49,"key":"SMITH"},{"data":"Feel No Pain","floor":53,"key":"SMITH"}],"neow_cost":"CURSE","seed_source_timestamp":119230123001500,"circlet_count":0,"master_deck":["AscendersBane","Bash+1","Feel No Pain+1","Armaments+1","Uppercut","Whirlwind+1","Fiend Fire+1","Entrench","Carnage+1","Offering","Dual Wield","Shrug It Off","Pommel Strike+1","Barricade+1","Second Wind","Exhume","Feel No Pain+1","Sword Boomerang","Iron Wave","Limit Break","Second Wind+1","Metallicize","Body Slam","Shrug It Off+1","Corruption","Feel No Pain","Disarm","Power Through"],"relics":["Burning Blood","Thread and Needle","Sundial","Art of War","Runic Pyramid","Anchor","Dream Catcher","Gremlin Horn","Pandora\u0027s Box","Bronze Scales","Lantern","Self Forming Clay","Pen Nib","War Paint"],"potions_floor_usage":[7,16,24,24,29,33,38,40,56,56],"damage_taken":[{"damage":8,"enemies":"Jaw Worm","floor":1,"turns":4},{"damage":13,"enemies":"Small Slimes","floor":2,"turns":4},{"damage":4,"enemies":"Gremlin Nob","floor":7,"turns":3},{"damage":0,"enemies":"Cultist","floor":13,"turns":3},{"damage":1,"enemies":"Red Slaver","floor":14,"turns":4},{"damage":34,"enemies":"The Guardian","floor":16,"turns":17},{"damage":0,"enemies":"Chosen","floor":18,"turns":3},{"damage":3,"enemies":"3 Byrds","floor":19,"turns":4},{"damage":0,"enemies":"Centurion and Healer","floor":21,"turns":10},{"damage":0,"enemies":"Snake Plant","floor":22,"turns":3},{"damage":39,"enemies":"Slavers","floor":24,"turns":6},{"damage":0,"enemies":"Cultist and Chosen","floor":28,"turns":3},{"damage":6,"enemies":"Snecko","floor":29,"turns":2},{"damage":6,"enemies":"Snake Plant","floor":31,"turns":4},{"damage":12,"enemies":"Collector","floor":33,"turns":7},{"damage":22,"enemies":"3 Darklings","floor":35,"turns":5},{"damage":6,"enemies":"Orb Walker","floor":36,"turns":4},{"damage":15,"enemies":"Transient","floor":38,"turns":6},{"damage":6,"enemies":"Spire Growth","floor":39,"turns":5},{"damage":13,"enemies":"Reptomancer","floor":40,"turns":5},{"damage":7,"enemies":"Nemesis","floor":42,"turns":5},{"damage":8,"enemies":"Maw","floor":44,"turns":5},{"damage":12,"enemies":"Reptomancer","floor":47,"turns":5},{"damage":6,"enemies":"Sphere and 2 Shapes","floor":48,"turns":4},{"damage":18,"enemies":"Time Eater","floor":50,"turns":10},{"damage":12,"enemies":"Donu and Deca","floor":51,"turns":6},{"damage":33,"enemies":"Shield and Spear","floor":55,"turns":7},{"damage":37,"enemies":"The Heart","floor":56,"turns":5}],"seed_played":"-2710994034216426289","potions_obtained":[{"floor":2,"key":"SteroidPotion"},{"floor":7,"key":"Block Potion"},{"floor":13,"key":"Weak Potion"},{"floor":21,"key":"GamblersBrew"},{"floor":28,"key":"Poison Potion"},{"floor":29,"key":"AttackPotion"},{"floor":31,"key":"Block Potion"},{"floor":35,"key":"AttackPotion"},{"floor":42,"key":"FairyPotion"},{"floor":44,"key":"FearPotion"},{"floor":47,"key":"EssenceOfSteel"},{"floor":48,"key":"Energy Potion"}],"is_trial":false,"path_per_floor":["M","M","?","?","$","R","E","R","T","R","?","?","M","M","R","B",null,"M","M","T","M","M","R","E","R","T","$","M","M","$","M","R","B",null,"M","M","?","M","M","E","R","E","T","M","R","T","E","M","R","B","B",null,"R","$","E","B"],"character_chosen":"IRONCLAD","items_purchased":["Feel No Pain","Dual Wield","Pommel Strike","Barricade","Energy Potion","Pen Nib"],"campfire_rested":1,"item_purchase_floors":[5,27,30,30,54,54],"current_hp_per_floor":[66,59,36,36,36,36,38,38,38,38,38,38,44,49,49,21,62,68,71,71,75,75,75,42,42,42,42,48,48,48,48,48,42,67,51,51,51,42,42,35,57,56,56,54,54,54,48,48,48,36,30,64,64,64,37,0],"gold":109,"neow_bonus":"ONE_RARE_RELIC","is_prod":false,"is_daily":false,"chose_seed":false,"campfire_upgraded":9,"win_rate":0,"timestamp":1560091236,"path_taken":["M","M","?","?","$","R","E","R","T","R","?","?","?","M","R","BOSS","M","M","?","M","M","R","E","R","T","$","M","M","$","M","R","BOSS","M","M","?","M","M","E","R","E","T","M","R","?","E","M","R","BOSS","BOSS","R","$","E","BOSS"],"build_version":"2019-01-23","purchased_purges":1,"victory":false,"max_hp_per_floor":[75,75,75,75,75,75,75,75,75,75,75,75,75,75,75,75,75,75,75,75,75,75,75,75,75,75,75,75,75,75,75,75,75,75,75,75,75,75,75,75,75,75,75,75,75,75,75,75,75,75,75,75,75,75,75,75],"card_choices":[{"not_picked":["Searing Blow","Havoc","Iron Wave"],"picked":"SKIP","floor":1},{"not_picked":["Hemokinesis","Dropkick","Wild Strike"],"picked":"SKIP","floor":2},{"not_picked":["Cleave","Headbutt"],"picked":"Armaments","floor":7},{"not_picked":["Twin Strike","Combust","Clash"],"picked":"SKIP","floor":13},{"not_picked":["Sever Soul","Rupture"],"picked":"Whirlwind","floor":14},{"not_picked":["Impervious","Offering"],"picked":"Fiend Fire","floor":16},{"not_picked":["Clash","Warcry","Rage"],"picked":"SKIP","floor":18},{"not_picked":["Wild Strike","Combust"],"picked":"Entrench","floor":19},{"not_picked":["Cleave","Perfected Strike+1"],"picked":"Carnage","floor":21},{"not_picked":["Havoc","Thunderclap","Cleave"],"picked":"SKIP","floor":22},{"not_picked":["Disarm","Sever Soul"],"picked":"Offering","floor":24},{"not_picked":["Rupture+1","Iron Wave","Burning Pact+1"],"picked":"SKIP","floor":28},{"not_picked":["Havoc","Perfected Strike"],"picked":"Shrug It Off","floor":29},{"not_picked":["Warcry","Fire Breathing"],"picked":"Second Wind","floor":31},{"not_picked":["Immolate","Demon Form"],"picked":"Exhume","floor":33},{"not_picked":["Heavy Blade+1","Seeing Red+1"],"picked":"Body Slam","floor":35},{"not_picked":["Thunderclap","Wild Strike"],"picked":"Shrug It Off","floor":36},{"not_picked":["Headbutt","Iron Wave+1","Wild Strike"],"picked":"SKIP","floor":38},{"not_picked":["Intimidate","Limit Break","Carnage"],"picked":"SKIP","floor":39},{"not_picked":["Sever Soul","Combust+1","Havoc"],"picked":"SKIP","floor":40},{"not_picked":["Iron Wave","Headbutt"],"picked":"Corruption","floor":41},{"not_picked":["Metallicize","Clothesline","Sever Soul+1"],"picked":"SKIP","floor":42},{"not_picked":["Pummel","Sword Boomerang","Warcry"],"picked":"SKIP","floor":44},{"not_picked":["Shrug It Off","Power Through"],"picked":"Feel No Pain","floor":47},{"not_picked":["Carnage+1","Sword Boomerang+1"],"picked":"Disarm","floor":48},{"not_picked":["Twin Strike","Armaments"],"picked":"Power Through","floor":55}],"player_experience":535423,"relics_obtained":[{"floor":7,"key":"Sundial"},{"floor":9,"key":"Art of War"},{"floor":20,"key":"Anchor"},{"floor":24,"key":"Dream Catcher"},{"floor":26,"key":"Gremlin Horn"},{"floor":40,"key":"Bronze Scales"},{"floor":42,"key":"Lantern"},{"floor":46,"key":"Self Forming Clay"},{"floor":55,"key":"War Paint"}],"event_choices":[{"damage_healed":0,"gold_gain":0,"player_choice":"Entered Light","damage_taken":23,"max_hp_gain":0,"max_hp_loss":0,"event_name":"Shining Light","floor":3,"gold_loss":0,"cards_upgraded":["Strike_R","Strike_R"]},{"cards_removed":["Shame"],"damage_healed":0,"gold_gain":0,"player_choice":"Forget","damage_taken":0,"max_hp_gain":0,"max_hp_loss":0,"event_name":"Living Wall","floor":4,"gold_loss":0},{"cards_removed":["Strike_R"],"damage_healed":0,"gold_gain":0,"player_choice":"Card Removal","damage_taken":0,"max_hp_gain":0,"max_hp_loss":0,"event_name":"The Cleric","floor":11,"gold_loss":75},{"damage_healed":0,"gold_gain":0,"cards_transformed":["Strike_R"],"player_choice":"Transformed","damage_taken":0,"max_hp_gain":0,"max_hp_loss":0,"event_name":"Transmorgrifier","floor":12,"gold_loss":0,"cards_obtained":["Uppercut"]},{"damage_healed":0,"gold_gain":0,"player_choice":"Ignored","damage_taken":0,"max_hp_gain":0,"max_hp_loss":0,"event_name":"Mysterious Sphere","floor":37,"gold_loss":0}],"is_beta":false,"boss_relics":[{"not_picked":["Black Star","White Beast Statue"],"picked":"Runic Pyramid"},{"not_picked":["Runic Cube","Coffee Dripper"],"picked":"Pandora\u0027s Box"}],"items_purged_floors":[54],"is_endless":false,"potions_floor_spawned":[2,7,13,21,28,29,31,35,42,44,47,48],"killed_by":"The Heart","ascension_level":20}