{"gold_per_floor":[15,30,41,53,328,328,357,369,369,380,138,171,185,203,203,276,276,288,288,28,28,40,40,58,92,116,142,242,242,292,304,304,378,378,389,389,315,335,107,107,121,151,174,204,204,84,118,0,0,0,0,0,0,0,31,31],"floor_reached":56,"playtime":2229,"items_purged":["Strike_R","Strike_R","Strike_R","Strike_R"],"score":2070,"play_id":"802dbe98-f088-430e-9734-225cbdc511d6","local_time":"20190712163257","is_ascension_mode":true,"campfire_choices":[{"data":"Inflame","floor":6.0,"key":"SMITH"},{"data":"Armaments","floor":15.0,"key":"SMITH"},{"data":"Immolate","floor":23.0,"key":"SMITH"},{"data":"True Grit","floor":29.0,"key":"SMITH"},{"data":"Pommel Strike","floor":32.0,"key":"SMITH"},{"floor":40.0,"key":"RECALL"}],"neow_cost":"NO_GOLD","seed_source_timestamp":89951571890100,"circlet_count":0,"master_deck":["AscendersBane","Strike_R","Defend_R","Defend_R","Defend_R","Defend_R","Bash","Anger","Inflame+1","Disarm","Pommel Strike+1","Dropkick","Immolate+1","Warcry","Armaments+1","Impervious","Dropkick","True Grit+1","Ghostly Armor","Disarm+1","Corruption+1","Second Wind","Barricade","Inflame+1","Shockwave","Dropkick+1","True Grit","True Grit+1"],"special_seed":0,"relics":["Burning Blood","Charon\u0027s Ashes","Blue Candle","Question Card","Orichalcum","Meat on the Bone","Coffee Dripper","Bag of Preparation","The Courier","Lantern","PreservedInsect","FossilizedHelix","Matryoshka","Fusion Hammer","Boot","Red Skull","Darkstone Periapt","Self Forming Clay","Mummified Hand","Red Mask","Mercury Hourglass"],"potions_floor_usage":[50],"damage_taken":[{"damage":1.0,"enemies":"Cultist","floor":1.0,"turns":3.0},{"damage":7.0,"enemies":"Jaw Worm","floor":2.0,"turns":4.0},{"damage":1.0,"enemies":"Small Slimes","floor":3.0,"turns":4.0},{"damage":4.0,"enemies":"Exordium Wildlife","floor":4.0,"turns":3.0},{"damage":36.0,"enemies":"3 Sentries","floor":7.0,"turns":6.0},{"damage":7.0,"enemies":"Lots of Slimes","floor":8.0,"turns":3.0},{"damage":13.0,"enemies":"Blue Slaver","floor":10.0,"turns":3.0},{"damage":3.0,"enemies":"Gremlin Nob","floor":12.0,"turns":3.0},{"damage":5.0,"enemies":"Looter","floor":13.0,"turns":2.0},{"damage":19.0,"enemies":"Exordium Wildlife","floor":14.0,"turns":2.0},{"damage":31.0,"enemies":"Hexaghost","floor":16.0,"turns":9.0},{"damage":20.0,"enemies":"Spheric Guardian","floor":18.0,"turns":4.0},{"damage":5.0,"enemies":"2 Thieves","floor":22.0,"turns":3.0},{"damage":0.0,"enemies":"Snake Plant","floor":24.0,"turns":3.0},{"damage":0.0,"enemies":"Gremlin Leader","floor":25.0,"turns":6.0},{"damage":28.0,"enemies":"Slavers","floor":27.0,"turns":4.0},{"damage":11.0,"enemies":"Colosseum Slavers","floor":28.0,"turns":4.0},{"damage":0.0,"enemies":"Colosseum Nobs","floor":28.0,"turns":3.0},{"damage":4.0,"enemies":"Shelled Parasite and Fungi","floor":31.0,"turns":5.0},{"damage":25.0,"enemies":"Champ","floor":33.0,"turns":7.0},{"damage":0.0,"enemies":"3 Shapes","floor":35.0,"turns":1.0},{"damage":0.0,"enemies":"Orb Walker","floor":38.0,"turns":4.0},{"damage":3.0,"enemies":"4 Shapes","floor":41.0,"turns":6.0},{"damage":49.0,"enemies":"Reptomancer","floor":42.0,"turns":6.0},{"damage":1.0,"enemies":"Nemesis","floor":44.0,"turns":7.0},{"damage":8.0,"enemies":"Reptomancer","floor":47.0,"turns":5.0},{"damage":21,"enemies":"Donu and Deca","floor":50,"turns":6},{"damage":43,"enemies":"Time Eater","floor":51,"turns":10},{"damage":59,"enemies":"Shield and Spear","floor":55,"turns":8},{"damage":0,"enemies":"The Heart","floor":56,"turns":2}],"seed_played":"258001198205698759","potions_obtained":[{"floor":2.0,"key":"Dexterity Potion"},{"floor":4.0,"key":"FearPotion"},{"floor":10.0,"key":"Swift Potion"},{"floor":12.0,"key":"Energy Potion"},{"floor":13.0,"key":"Weak Potion"},{"floor":14.0,"key":"BloodPotion"},{"floor":18.0,"key":"AttackPotion"},{"floor":27.0,"key":"Weak Potion"},{"floor":31.0,"key":"Swift Potion"},{"floor":33.0,"key":"SneckoOil"},{"floor":38.0,"key":"Dexterity Potion"}],"is_trial":false,"path_per_floor":["M","M","M","M","?","R","E","M","T","M","$","E","M","M","R","B",null,"M","?","$","?","M","R","M","E","T","E","?","R","?","M","R","B",null,"M","?","?","M","$","R","M","E","T","E","R","$","E","?","R","B","B",null,"R","$","E","B"],"character_chosen":"IRONCLAD","items_purchased":["Orichalcum","Bag of Preparation","Barricade"],"campfire_rested":0,"item_purchase_floors":[11,20,39],"current_hp_per_floor":[73,72,75,75,75,75,45,44,44,37,37,40,53,52,52,39,66,70,70,70,70,71,71,75,75,75,53,54,54,54,56,56,49,69,75,75,75,75,75,75,75,44,44,49,49,49,47,47,47,44,19,61,61,61,20,20],"gold":31,"neow_bonus":"ONE_RARE_RELIC","is_prod":false,"is_daily":false,"chose_seed":false,"campfire_upgraded":5,"win_rate":0,"timestamp":1562916777,"path_taken":["M","M","M","?","?","R","E","?","T","M","?","E","M","?","R","BOSS","M","?","$","?","M","R","?","E","T","E","?","R","?","?","R","BOSS","M","?","?","?","$","R","M","E","T","E","R","$","E","?","R","BOSS","BOSS","R","$","E","BOSS"],"build_version":"2019-07-05","purchased_purges":4,"victory":false,"max_hp_per_floor":[75,75,75,75,75,75,75,75,75,75,75,75,75,75,75,75,75,75,75,75,75,75,75,75,75,75,75,75,75,75,75,75,75,75,75,75,75,75,75,75,75,75,75,75,75,75,75,75,75,75,75,75,75,75,75,75],"card_choices":[{"not_picked":["Iron Wave","Cleave","Thunderclap"],"picked":"SKIP","floor":1.0},{"not_picked":["Dual Wield","Clothesline","Clash"],"picked":"SKIP","floor":2.0},{"not_picked":["Searing Blow","Exhume"],"picked":"Anger","floor":3.0},{"not_picked":["Shrug It Off","Hemokinesis"],"picked":"Inflame","floor":4.0},{"not_picked":["Brutality","Sever Soul"],"picked":"Disarm","floor":7.0},{"not_picked":["Perfected Strike","Rage"],"picked":"Pommel Strike","floor":8.0},{"not_picked":["Body Slam","Flex","Sever Soul"],"picked":"Dropkick","floor":10.0},{"not_picked":["Dual Wield","Sever Soul","True Grit"],"picked":"Immolate","floor":12.0},{"not_picked":["Sword Boomerang","Twin Strike","Clash"],"picked":"Warcry","floor":13.0},{"not_picked":["Hemokinesis","Havoc","Shrug It Off"],"picked":"Armaments","floor":14.0},{"not_picked":["Demon Form","Barricade","Berserk"],"picked":"Impervious","floor":16.0},{"not_picked":["Metallicize","Body Slam","Thunderclap"],"picked":"Dropkick","floor":18.0},{"not_picked":["Rage","Headbutt","Clothesline","Fire Breathing"],"picked":"SKIP","floor":22.0},{"not_picked":["Armaments","Spot Weakness","Thunderclap"],"picked":"True Grit","floor":24.0},{"not_picked":["Whirlwind","Immolate","Headbutt"],"picked":"Ghostly Armor","floor":25.0},{"not_picked":["Flex","Hemokinesis","True Grit"],"picked":"Disarm+1","floor":27.0},{"not_picked":["Armaments","Rampage","Wild Strike+1"],"picked":"Corruption+1","floor":28.0},{"not_picked":["Armaments","Clash","Headbutt"],"picked":"Second Wind","floor":31.0},{"not_picked":["Exhume","Impervious","Brutality"],"picked":"Demon Form","floor":33.0},{"not_picked":["Havoc","Wild Strike","Headbutt","Second Wind"],"picked":"SKIP","floor":35.0},{"not_picked":["Bloodletting","Clash+1","Perfected Strike","Flex"],"picked":"SKIP","floor":38.0},{"not_picked":["Wild Strike+1","Searing Blow","Heavy Blade"],"picked":"Inflame+1","floor":41.0},{"not_picked":["Carnage+1","Second Wind","Bludgeon"],"picked":"Shockwave","floor":42.0},{"not_picked":["Wild Strike+1","Body Slam","Clash"],"picked":"Dropkick+1","floor":44.0},{"not_picked":["Twin Strike","Ghostly Armor+1","Iron Wave"],"picked":"True Grit","floor":47.0},{"not_picked":["Headbutt","Flame Barrier","Cleave"],"picked":"True Grit+1","floor":55}],"player_experience":987189,"relics_obtained":[{"floor":7.0,"key":"Blue Candle"},{"floor":9.0,"key":"Question Card"},{"floor":12.0,"key":"Meat on the Bone"},{"floor":25.0,"key":"The Courier"},{"floor":26.0,"key":"Lantern"},{"floor":27.0,"key":"PreservedInsect"},{"floor":28.0,"key":"FossilizedHelix"},{"floor":28.0,"key":"Matryoshka"},{"floor":42.0,"key":"Red Skull"},{"floor":43.0,"key":"Darkstone Periapt"},{"floor":44.0,"key":"Self Forming Clay"},{"floor":47.0,"key":"Mummified Hand"},{"floor":55,"key":"Mercury Hourglass"}],"event_choices":[{"damage_healed":0.0,"max_hp_gain":0.0,"max_hp_loss":0.0,"gold_gain":275.0,"event_name":"Golden Shrine","player_choice":"Desecrate","floor":5.0,"gold_loss":0.0,"damage_taken":0.0,"cards_obtained":["Regret"]},{"damage_healed":0.0,"max_hp_gain":0.0,"max_hp_loss":0.0,"gold_gain":0.0,"event_name":"The Mausoleum","player_choice":"Ignored","floor":19.0,"gold_loss":0.0,"damage_taken":0.0},{"cards_removed":["Regret"],"damage_healed":0.0,"max_hp_gain":0.0,"max_hp_loss":0.0,"gold_gain":0.0,"event_name":"Fountain of Cleansing","player_choice":"Removed Curses","floor":21.0,"gold_loss":0.0,"damage_taken":0.0},{"damage_healed":0.0,"max_hp_gain":0.0,"max_hp_loss":0.0,"gold_gain":0.0,"event_name":"Colosseum","player_choice":"Fight","floor":28.0,"gold_loss":0.0,"damage_taken":0.0},{"damage_healed":0.0,"max_hp_gain":0.0,"max_hp_loss":0.0,"gold_gain":0.0,"event_name":"Colosseum","player_choice":"Fought Nobs","floor":28.0,"gold_loss":0.0,"damage_taken":0.0},{"damage_healed":0.0,"max_hp_gain":0.0,"max_hp_loss":0.0,"gold_gain":50.0,"event_name":"Nest","player_choice":"Stole From Cult","floor":30.0,"gold_loss":0.0,"damage_taken":0.0},{"cards_removed":["Demon Form"],"damage_healed":0.0,"max_hp_gain":0.0,"max_hp_loss":0.0,"gold_gain":0.0,"event_name":"Falling","player_choice":"Removed Power","floor":36.0,"gold_loss":0.0,"damage_taken":0.0},{"damage_healed":0.0,"max_hp_gain":0.0,"max_hp_loss":0.0,"gold_gain":0.0,"event_name":"WeMeetAgain","player_choice":"Paid Gold","floor":37.0,"gold_loss":74.0,"damage_taken":0.0,"relics_obtained":["Boot"]},{"damage_healed":0.0,"max_hp_gain":0.0,"max_hp_loss":0.0,"gold_gain":0.0,"event_name":"Tomb of Lord Red Mask","player_choice":"Paid","floor":48.0,"gold_loss":118.0,"damage_taken":0.0,"relics_obtained":["Red Mask"]}],"is_beta":false,"boss_relics":[{"not_picked":["Cursed Key","Eternal Feather"],"picked":"Coffee Dripper"},{"not_picked":["Sozu","Mark of Pain"],"picked":"Fusion Hammer"}],"items_purged_floors":[11,20,39,46],"is_endless":false,"potions_floor_spawned":[2,4,10,12,13,14,18,24,27,31,33,38,41],"killed_by":"The Heart","ascension_level":20}