{"gold_per_floor":[113,128,143,65,78,78,108,108,108,135,135],"floor_reached":11,"playtime":335,"items_purged":[],"score":166,"play_id":"1ee3bb55-d9a9-48cf-b908-ed444e90d631","local_time":"20190728132645","is_ascension_mode":true,"campfire_choices":[{"data":"Armaments","floor":6,"key":"SMITH"},{"data":"Shockwave","floor":8,"key":"SMITH"}],"neow_cost":"NONE","seed_source_timestamp":770534792552900,"circlet_count":0,"master_deck":["AscendersBane","Strike_R","Strike_R","Strike_R","Strike_R","Strike_R","Defend_R","Defend_R","Defend_R","Defend_R","Bash","Disarm","Sword Boomerang","Dropkick","Spot Weakness","Armaments+1","Shockwave+1"],"relics":["Mark of Pain","Bottled Lightning","Gremlin Horn","Toxic Egg 2"],"potions_floor_usage":[7,10,10],"damage_taken":[{"damage":6,"enemies":"Cultist","floor":1,"turns":4},{"damage":7,"enemies":"Jaw Worm","floor":2,"turns":4},{"damage":4,"enemies":"Small Slimes","floor":3,"turns":3},{"damage":15,"enemies":"3 Louse","floor":5,"turns":4},{"damage":13,"enemies":"Lagavulin","floor":7,"turns":5},{"damage":34,"enemies":"3 Sentries","floor":10,"turns":7},{"damage":0,"enemies":"Exordium Wildlife","floor":11,"turns":1}],"seed_played":"-3577860970367122302","potions_obtained":[{"floor":2,"key":"Poison Potion"},{"floor":5,"key":"BloodPotion"},{"floor":7,"key":"Swift Potion"}],"is_trial":false,"path_per_floor":["M","M","M","$","M","R","E","R","T","E","M"],"character_chosen":"IRONCLAD","items_purchased":["Spot Weakness"],"campfire_rested":0,"item_purchase_floors":[4],"current_hp_per_floor":[62,55,51,51,36,36,23,23,23,7,7],"gold":135,"neow_bonus":"BOSS_RELIC","is_prod":false,"is_daily":false,"chose_seed":false,"campfire_upgraded":2,"win_rate":0,"timestamp":1564288005,"path_taken":["M","?","M","$","?","R","E","R","T","E","M"],"build_version":"2019-07-17","purchased_purges":0,"victory":false,"max_hp_per_floor":[75,75,75,75,75,75,75,75,75,75,75],"card_choices":[{"not_picked":["Iron Wave","Warcry"],"picked":"Disarm","floor":1},{"not_picked":["Twin Strike","Sword Boomerang","Rage"],"picked":"SKIP","floor":2},{"not_picked":["Twin Strike","Rage"],"picked":"Sword Boomerang","floor":2},{"not_picked":["Anger","Pommel Strike"],"picked":"Dropkick","floor":3},{"not_picked":["Infernal Blade","Power Through"],"picked":"Armaments","floor":5},{"not_picked":["Wild Strike","Rupture"],"picked":"Shockwave","floor":7},{"not_picked":["Body Slam","Wild Strike","Clash"],"picked":"SKIP","floor":10}],"player_experience":1253598,"relics_obtained":[{"floor":7,"key":"Bottled Lightning"},{"floor":9,"key":"Gremlin Horn"},{"floor":10,"key":"Toxic Egg 2"}],"event_choices":[],"is_beta":false,"boss_relics":[],"items_purged_floors":[],"is_endless":false,"potions_floor_spawned":[2,5,7],"killed_by":"Exordium Wildlife","ascension_level":20}