{"gold_per_floor":[118,133,133,208,1,1,14,45,45,45,74,94,94,109,109,109],"floor_reached":16,"playtime":456,"items_purged":["Strike_B"],"score":220,"play_id":"e06fd3a2-690f-43b1-915d-0d0fa6fb1dba","local_time":"20190612130111","is_ascension_mode":true,"campfire_choices":[{"floor":6,"key":"REST"},{"data":"Darkness","floor":10,"key":"SMITH"},{"floor":13,"key":"REST"},{"data":"Creative AI","floor":15,"key":"SMITH"}],"neow_cost":"TEN_PERCENT_HP_LOSS","seed_source_timestamp":342640642253600,"circlet_count":0,"master_deck":["AscendersBane","Strike_B","Defend_B","Defend_B","Defend_B","Zap","Dualcast","Darkness+1","Tempest","Capacitor","Core Surge","Reinforced Body","Creative AI+1","Leap"],"relics":["Cracked Core","Dead Branch","Darkstone Periapt"],"potions_floor_usage":[11,11],"damage_taken":[{"damage":6,"enemies":"Cultist","floor":1,"turns":3},{"damage":7,"enemies":"Small Slimes","floor":2,"turns":4},{"damage":7,"enemies":"Jaw Worm","floor":7,"turns":3},{"damage":18,"enemies":"Gremlin Nob","floor":8,"turns":4},{"damage":10,"enemies":"3 Sentries","floor":11,"turns":5},{"damage":7,"enemies":"Exordium Thugs","floor":12,"turns":4},{"damage":6,"enemies":"Looter","floor":14,"turns":5},{"damage":23,"enemies":"Hexaghost","floor":16,"turns":7}],"seed_played":"6833993982304517103","potions_obtained":[{"floor":1,"key":"Explosive Potion"}],"is_trial":false,"path_per_floor":["M","M","?","?","$","R","M","E","T","R","E","M","R","M","R","B"],"character_chosen":"DEFECT","items_purchased":["Core Surge","PowerPotion"],"campfire_rested":2,"item_purchase_floors":[5,5],"current_hp_per_floor":[58,51,44,33,33,52,45,27,27,27,17,10,29,23,23,0],"gold":109,"neow_bonus":"TRANSFORM_TWO_CARDS","is_prod":false,"is_daily":false,"chose_seed":false,"campfire_upgraded":2,"win_rate":0,"timestamp":1560312071,"path_taken":["M","M","?","?","$","R","M","E","T","R","E","M","R","M","R","BOSS"],"build_version":"2019-01-23","purchased_purges":1,"victory":false,"max_hp_per_floor":[64,64,64,64,64,64,64,64,64,64,64,64,64,64,64,64],"card_choices":[{"not_picked":["Steam Power","Sweeping Beam","Streamline"],"picked":"SKIP","floor":1},{"not_picked":["Ball Lightning","Steam"],"picked":"Capacitor","floor":2},{"not_picked":["Redo","Reinforced Body","Gash"],"picked":"SKIP","floor":7},{"not_picked":["Redo","Gash"],"picked":"Reinforced Body","floor":7},{"not_picked":["Blizzard","Turbo"],"picked":"Creative AI","floor":8},{"not_picked":["Compile Driver","Conserve Battery","Barrage"],"picked":"SKIP","floor":11},{"not_picked":["Storm","Reinforced Body"],"picked":"Leap","floor":12},{"not_picked":["Sweeping Beam","Auto Shields","Reprogram"],"picked":"SKIP","floor":14}],"player_experience":601264,"relics_obtained":[{"floor":8,"key":"Dead Branch"},{"floor":11,"key":"Darkstone Periapt"}],"event_choices":[{"cards_removed":["Strike_B"],"damage_healed":0,"gold_gain":0,"player_choice":"Card Removal","damage_taken":7,"max_hp_gain":0,"max_hp_loss":0,"event_name":"Golden Wing","floor":3,"gold_loss":0},{"damage_healed":0,"gold_gain":75,"player_choice":"Gather Gold","damage_taken":11,"max_hp_gain":0,"max_hp_loss":0,"event_name":"World of Goop","floor":4,"gold_loss":0}],"is_beta":false,"boss_relics":[],"items_purged_floors":[5],"is_endless":false,"potions_floor_spawned":[1,7],"killed_by":"Hexaghost","ascension_level":20}