{"gold_per_floor":[109,119,137,137,154,183,183,194,269,279,606,240,240,240,240,240],"floor_reached":16,"playtime":457,"items_purged":["Strike_B"],"score":224,"play_id":"1c09e223-13a1-4d6b-8940-16374c7fe7bb","local_time":"20190704203044","is_ascension_mode":true,"campfire_choices":[{"floor":7,"key":"REST"},{"floor":13,"key":"REST"},{"data":"Zap","floor":15,"key":"SMITH"}],"neow_cost":"NONE","seed_source_timestamp":475362547510400,"circlet_count":0,"master_deck":["AscendersBane","Strike_B","Strike_B","Defend_B","Defend_B","Defend_B","Defend_B","Zap+1","Dualcast","Ball Lightning","Ball Lightning","Coolheaded","Electrodynamics","Conserve Battery+1","Chill+1","Recycle+1"],"relics":["Cracked Core","NeowsBlessing","Darkstone Periapt","Toxic Egg 2","Old Coin","Blood Vial"],"potions_floor_usage":[5,6,11,16],"damage_taken":[{"damage":0,"enemies":"Cultist","floor":1,"turns":1},{"damage":0,"enemies":"Jaw Worm","floor":2,"turns":1},{"damage":0,"enemies":"Small Slimes","floor":3,"turns":1},{"damage":13,"enemies":"Exordium Wildlife","floor":5,"turns":6},{"damage":22,"enemies":"3 Sentries","floor":6,"turns":6},{"damage":12,"enemies":"Looter","floor":8,"turns":3},{"damage":0,"enemies":"Large Slime","floor":10,"turns":3},{"damage":44,"enemies":"Gremlin Nob","floor":11,"turns":4},{"damage":33,"enemies":"The Guardian","floor":16,"turns":6}],"seed_played":"-3005475446857095465","potions_obtained":[{"floor":1,"key":"Block Potion"},{"floor":3,"key":"SpeedPotion"},{"floor":6,"key":"Regen Potion"}],"is_trial":false,"path_per_floor":["M","M","M","?","M","E","R","M","T","M","E","$","R","?","R","B"],"character_chosen":"DEFECT","items_purchased":["Blood Vial","Strength Potion","Recycle+1"],"campfire_rested":2,"item_purchase_floors":[12,12,12],"current_hp_per_floor":[64,64,64,64,51,29,50,38,38,38,6,6,27,27,27,0],"gold":240,"neow_bonus":"THREE_ENEMY_KILL","is_prod":false,"is_daily":false,"chose_seed":false,"campfire_upgraded":1,"win_rate":0,"timestamp":1562239844,"path_taken":["M","?","M","?","M","E","R","?","T","M","E","?","R","?","R","BOSS"],"build_version":"2019-07-01","purchased_purges":1,"victory":false,"max_hp_per_floor":[71,71,71,71,71,71,71,71,71,71,71,71,71,71,71,71],"card_choices":[{"not_picked":["Steam Power","Redo"],"picked":"Ball Lightning","floor":1},{"not_picked":["Hologram","Leap"],"picked":"Ball Lightning","floor":2},{"not_picked":["Redo","Stack","Lockon"],"picked":"SKIP","floor":3},{"not_picked":["Steam","Compile Driver"],"picked":"Coolheaded","floor":5},{"not_picked":["Undo","Streamline"],"picked":"Electrodynamics","floor":6},{"not_picked":["Streamline","Storm","Auto Shields"],"picked":"SKIP","floor":8},{"not_picked":["Aggregate+1","Streamline"],"picked":"Conserve Battery+1","floor":10},{"not_picked":["Conserve Battery+1","Blizzard"],"picked":"Chill+1","floor":11}],"player_experience":925507,"relics_obtained":[{"floor":6,"key":"Darkstone Periapt"},{"floor":9,"key":"Toxic Egg 2"},{"floor":11,"key":"Old Coin"}],"event_choices":[{"cards_removed":["Strike_B"],"damage_healed":0,"gold_gain":0,"player_choice":"Purged","damage_taken":0,"max_hp_gain":0,"max_hp_loss":0,"event_name":"Purifier","floor":4,"gold_loss":0},{"damage_healed":0,"gold_gain":0,"player_choice":"Ignored","damage_taken":0,"max_hp_gain":0,"max_hp_loss":0,"event_name":"Liars Game","floor":14,"gold_loss":0}],"is_beta":false,"boss_relics":[],"items_purged_floors":[12],"is_endless":false,"potions_floor_spawned":[1,3,6],"killed_by":"The Guardian","ascension_level":20}