{"gold_per_floor":[359,359,379,396,30,55,55,83,110,121,121,19,19,34,34,108,108,120,120,120],"floor_reached":20,"playtime":528,"items_purged":["Strike_B","Strike_B"],"score":364,"play_id":"6bd976fb-0b9c-4184-b4a6-0fd36b0ec66e","local_time":"20190610191808","is_ascension_mode":true,"campfire_choices":[{"data":"Sunder","floor":7,"key":"SMITH"},{"data":"Fission","floor":11,"key":"SMITH"},{"data":"Capacitor","floor":13,"key":"SMITH"},{"data":"Barrage","floor":15,"key":"SMITH"}],"neow_cost":"CURSE","seed_source_timestamp":192378660967600,"circlet_count":0,"master_deck":["AscendersBane","Defend_B","Defend_B","Defend_B","Defend_B","Zap","Dualcast","Chill","Sunder+1","Capacitor+1","Panacea","Fission+1","Ball Lightning","Coolheaded","Barrage+1","Creative AI","Coolheaded","Creative AI","Amplify"],"relics":["Cracked Core","Smiling Mask","Ancient Tea Set","Sozu"],"potions_floor_usage":[6,8,16],"damage_taken":[{"damage":5,"enemies":"Small Slimes","floor":1,"turns":3},{"damage":5,"enemies":"Jaw Worm","floor":3,"turns":3},{"damage":0,"enemies":"Cultist","floor":4,"turns":3},{"damage":10,"enemies":"3 Sentries","floor":6,"turns":3},{"damage":8,"enemies":"Gremlin Nob","floor":8,"turns":3},{"damage":0,"enemies":"2 Fungi Beasts","floor":10,"turns":2},{"damage":0,"enemies":"Exordium Thugs","floor":14,"turns":4},{"damage":25,"enemies":"Hexaghost","floor":16,"turns":8},{"damage":24,"enemies":"Shell Parasite","floor":18,"turns":6}],"seed_played":"6713030696157156500","potions_obtained":[{"floor":6,"key":"Fire Potion"},{"floor":8,"key":"EssenceOfSteel"},{"floor":14,"key":"Regen Potion"}],"is_trial":false,"path_per_floor":["M","?","M","M","$","E","R","E","T","M","R","$","R","M","R","B",null,"M","?","$"],"character_chosen":"DEFECT","items_purchased":["Capacitor","Panacea","PowerPotion","AttackPotion","Coolheaded"],"campfire_rested":0,"item_purchase_floors":[5,5,5,5,12],"current_hp_per_floor":[59,52,47,47,47,37,37,29,29,29,29,29,29,29,29,19,58,34,34,34],"gold":120,"neow_bonus":"TWO_FIFTY_GOLD","is_prod":false,"is_daily":false,"chose_seed":false,"campfire_upgraded":4,"win_rate":0,"timestamp":1560161888,"path_taken":["M","?","M","M","$","E","R","E","T","M","R","$","R","M","R","BOSS","M","?","$"],"build_version":"2019-01-23","purchased_purges":2,"victory":false,"max_hp_per_floor":[71,71,71,71,71,71,71,71,71,71,71,71,71,71,71,71,71,71,71,71],"card_choices":[{"not_picked":["Conserve Battery","Scrape"],"picked":"Chill","floor":1},{"not_picked":["Streamline","Compile Driver"],"picked":"Sunder","floor":3},{"not_picked":["Sweeping Beam","Gash","Redo"],"picked":"SKIP","floor":4},{"not_picked":["Leap","Doom and Gloom","Go for the Eyes"],"picked":"SKIP","floor":6},{"not_picked":["Stack","Machine Learning"],"picked":"Fission","floor":8},{"not_picked":["Conserve Battery","Undo"],"picked":"Ball Lightning","floor":10},{"not_picked":["Redo","Coolheaded"],"picked":"Barrage","floor":14},{"not_picked":["Reboot","Multi-Cast"],"picked":"Creative AI","floor":16},{"not_picked":["Genetic Algorithm","Compile Driver"],"picked":"Coolheaded","floor":18}],"player_experience":560278,"relics_obtained":[{"floor":6,"key":"Smiling Mask"},{"floor":8,"key":"Ancient Tea Set"}],"event_choices":[{"cards_removed":["Injury"],"damage_healed":0,"gold_gain":0,"player_choice":"Card Removal","damage_taken":7,"max_hp_gain":0,"max_hp_loss":0,"event_name":"Golden Wing","floor":2,"gold_loss":0},{"damage_healed":0,"gold_gain":0,"cards_transformed":["Strike_B","Strike_B"],"player_choice":"Became Test Subject","damage_taken":0,"max_hp_gain":0,"max_hp_loss":0,"event_name":"Drug Dealer","floor":19,"gold_loss":0,"cards_obtained":["Creative AI","Amplify"]}],"is_beta":false,"boss_relics":[{"not_picked":["Philosopher\u0027s Stone","Eternal Feather"],"picked":"Sozu"}],"items_purged_floors":[5,12],"is_endless":false,"potions_floor_spawned":[6,8,14,18],"ascension_level":20}