{"gold_per_floor":[117,37,2,0,275,301,301,311,381,406,423,434,453,79,79,79],"floor_reached":16,"playtime":618,"items_purged":["Regret"],"score":257,"play_id":"87690cba-e28e-4c88-b19e-e17c4cfa50b1","local_time":"20190726145654","is_ascension_mode":true,"campfire_choices":[{"data":"Masterful Stab","floor":7,"key":"SMITH"},{"floor":15,"key":"REST"}],"neow_cost":"NONE","seed_source_timestamp":593134927592482,"circlet_count":0,"master_deck":["AscendersBane","Strike_G","Strike_G","Strike_G","Strike_G","Strike_G","Defend_G","Defend_G","Defend_G","Defend_G","Defend_G","Survivor","Neutralize","Dagger Throw","Masterful Stab+1","Terror","Backstab","Well Laid Plans","Underhanded Strike","Riddle With Holes","Doppelganger","Underhanded Strike","Escape Plan"],"relics":["Ring of the Snake","NeowsBlessing","Matryoshka","Happy Flower","Sundial","Bag of Preparation","Strawberry"],"potions_floor_usage":[16],"damage_taken":[{"damage":0,"enemies":"Jaw Worm","floor":1,"turns":1},{"damage":0,"enemies":"Lagavulin","floor":6,"turns":1},{"damage":0,"enemies":"Small Slimes","floor":8,"turns":1},{"damage":27,"enemies":"3 Sentries","floor":10,"turns":11},{"damage":0,"enemies":"Cultist","floor":11,"turns":2},{"damage":0,"enemies":"Blue Slaver","floor":12,"turns":2},{"damage":6,"enemies":"Red Slaver","floor":13,"turns":3},{"damage":62,"enemies":"Slime Boss","floor":16,"turns":9}],"seed_played":"-2982658599684036662","potions_obtained":[{"floor":8,"key":"SmokeBomb"},{"floor":11,"key":"Energy Potion"},{"floor":12,"key":"Dexterity Potion"}],"is_trial":false,"path_per_floor":["M","$","?","?","?","E","R","M","T","E","M","M","M","$","R","B"],"character_chosen":"THE_SILENT","items_purchased":["Masterful Stab","Strawberry","Underhanded Strike","Escape Plan"],"campfire_rested":1,"item_purchase_floors":[2,14,14,14],"current_hp_per_floor":[59,59,66,66,66,66,66,66,66,39,39,39,33,40,61,0],"gold":79,"neow_bonus":"THREE_ENEMY_KILL","is_prod":false,"is_daily":false,"chose_seed":false,"campfire_upgraded":1,"win_rate":0,"timestamp":1564142214,"path_taken":["M","$","?","?","?","E","R","M","T","E","?","M","M","$","R","BOSS"],"build_version":"2019-07-17","purchased_purges":1,"victory":false,"max_hp_per_floor":[66,66,66,66,66,66,66,66,66,66,66,66,66,73,73,73],"card_choices":[{"not_picked":["Cloak And Dagger","Accuracy"],"picked":"Dagger Throw","floor":1},{"not_picked":["Deadly Poison","Outmaneuver"],"picked":"Terror","floor":6},{"not_picked":["Underhanded Strike","Deadly Poison"],"picked":"Backstab","floor":8},{"not_picked":["Bane","Outmaneuver"],"picked":"Well Laid Plans","floor":10},{"not_picked":["Prepared","Flechettes"],"picked":"Underhanded Strike","floor":11},{"not_picked":["Dodge and Roll","Dagger Spray"],"picked":"Riddle With Holes","floor":12},{"not_picked":["Flying Knee","Blur"],"picked":"Doppelganger","floor":13}],"player_experience":1660561,"relics_obtained":[{"floor":6,"key":"Matryoshka"},{"floor":9,"key":"Happy Flower"},{"floor":9,"key":"Sundial"},{"floor":10,"key":"Bag of Preparation"}],"event_choices":[{"damage_healed":16,"gold_gain":0,"player_choice":"Healed","damage_taken":0,"max_hp_gain":0,"max_hp_loss":0,"event_name":"The Cleric","floor":3,"gold_loss":35},{"damage_healed":0,"gold_gain":0,"player_choice":"Left Gold","damage_taken":0,"max_hp_gain":0,"max_hp_loss":0,"event_name":"World of Goop","floor":4,"gold_loss":2},{"damage_healed":0,"gold_gain":275,"player_choice":"Desecrate","damage_taken":0,"max_hp_gain":0,"max_hp_loss":0,"event_name":"Golden Shrine","floor":5,"gold_loss":0,"cards_obtained":["Regret"]}],"is_beta":false,"boss_relics":[],"items_purged_floors":[14],"is_endless":false,"potions_floor_spawned":[8,11,12],"killed_by":"Slime Boss","ascension_level":18}