{"gold_per_floor":[109,54,54,79,106,118,130,171,183,195,207,235,279,303,315,402,414,443,473,319,54,54,54,81,91,141,141,4,4,32,32,32,103,103,119,138,1137,1137,1033,1033,1065,659,659,659,659,679,730,730,730,730,730],"floor_reached":51,"playtime":1916,"items_purged":["Normality","Normality"],"score":1434,"play_id":"b6854701-0d94-4a37-aea2-a71f42d6850c","local_time":"20190621145507","is_ascension_mode":true,"campfire_choices":[{"data":"Sunder","floor":6.0,"key":"SMITH"},{"data":"Zap","floor":11.0,"key":"SMITH"},{"data":"Loop","floor":15.0,"key":"SMITH"},{"floor":23.0,"key":"REST"},{"data":"Creative AI","floor":27.0,"key":"SMITH"},{"floor":29.0,"key":"REST"},{"data":"Reboot","floor":32.0,"key":"SMITH"},{"floor":40.0,"key":"RECALL"},{"floor":44,"key":"REST"},{"floor":49,"key":"REST"}],"neow_cost":"NONE","seed_source_timestamp":11993241297000,"circlet_count":0,"master_deck":["AscendersBane","Strike_B","Defend_B","Defend_B","Defend_B","Zap+1","Dualcast","Sunder+1","Coolheaded","Turbo","Darkness","Reboot+1","Loop+1","Creative AI+1","Static Discharge","Coolheaded","Cold Snap","Self Repair","Hologram+1","Heatsinks","Creative AI+1","Coolheaded","Coolheaded"],"special_seed":0,"relics":["Empty Cage","MawBank","Cables","Mummified Hand","Busted Crown","Juzu Bracelet","DataDisk","Orichalcum","Vajra","Singing Bowl","Fusion Hammer","Pocketwatch","Lantern","Toxic Egg 2","Torii"],"potions_floor_usage":[41,41,46,47],"damage_taken":[{"damage":3.0,"enemies":"2 Louse","floor":1.0,"turns":3.0},{"damage":4.0,"enemies":"Cultist","floor":4.0,"turns":3.0},{"damage":3.0,"enemies":"Small Slimes","floor":5.0,"turns":3.0},{"damage":35.0,"enemies":"Lagavulin","floor":8.0,"turns":6.0},{"damage":8.0,"enemies":"Blue Slaver","floor":12.0,"turns":4.0},{"damage":7.0,"enemies":"Gremlin Nob","floor":13.0,"turns":3.0},{"damage":0.0,"enemies":"Lots of Slimes","floor":14.0,"turns":1.0},{"damage":14.0,"enemies":"Hexaghost","floor":16.0,"turns":8.0},{"damage":20.0,"enemies":"Shell Parasite","floor":18.0,"turns":7.0},{"damage":0.0,"enemies":"Chosen","floor":19.0,"turns":5.0},{"damage":31.0,"enemies":"Slavers","floor":24.0,"turns":5.0},{"damage":4.0,"enemies":"3 Cultists","floor":25.0,"turns":4.0},{"damage":18.0,"enemies":"Book of Stabbing","floor":30.0,"turns":6.0},{"damage":31.0,"enemies":"Automaton","floor":33.0,"turns":10.0},{"damage":0.0,"enemies":"Orb Walker","floor":35.0,"turns":4.0},{"damage":10.0,"enemies":"3 Shapes","floor":36.0,"turns":4.0},{"damage":50,"enemies":"Reptomancer","floor":41,"turns":7},{"damage":0,"enemies":"Transient","floor":46,"turns":6},{"damage":11,"enemies":"2 Orb Walkers","floor":47,"turns":5},{"damage":24,"enemies":"Time Eater","floor":50,"turns":8},{"damage":73,"enemies":"Awakened One","floor":51,"turns":4}],"seed_played":"2739706168919603044","potions_obtained":[{"floor":1.0,"key":"Explosive Potion"},{"floor":4.0,"key":"AttackPotion"},{"floor":8.0,"key":"Strength Potion"},{"floor":16.0,"key":"Swift Potion"},{"floor":19.0,"key":"FocusPotion"},{"floor":24.0,"key":"FearPotion"},{"floor":35.0,"key":"FocusPotion"},{"floor":46,"key":"SmokeBomb"}],"is_trial":false,"path_per_floor":["M","$","?","M","M","R","?","E","T","?","R","M","E","M","R","B",null,"M","M","$","$","?","R","E","M","T","R","$","R","E","?","R","B",null,"M","M","?","?","$","R","E","$","T","R","?","M","?","?","R","B","B"],"character_chosen":"DEFECT","items_purchased":["Coolheaded","Juzu Bracelet","DataDisk","Coolheaded","Cold Snap","Heatsinks","Energy Potion","Coolheaded","Lantern","Swift Potion","Regen Potion"],"campfire_rested":4,"item_purchase_floors":[2,20,21,21,21,28,28,39,42,42,42],"current_hp_per_floor":[61,61,50,46,43,43,66,31,31,31,31,23,16,16,16,2,54,34,34,34,34,34,55,31,34,34,34,34,55,46,46,46,22,60,69,68,68,68,68,68,25,25,25,48,44,68,66,66,83,73,0],"gold":730,"neow_bonus":"BOSS_RELIC","is_prod":false,"is_daily":false,"chose_seed":false,"campfire_upgraded":5,"win_rate":0,"timestamp":1561096507,"path_taken":["M","$","?","M","M","R","?","E","T","?","R","?","E","M","R","BOSS","M","M","?","$","?","R","E","M","T","R","$","R","E","?","R","BOSS","M","M","?","?","$","R","E","$","T","R","?","M","?","?","R","BOSS","BOSS"],"build_version":"2019-01-23","purchased_purges":2,"victory":false,"max_hp_per_floor":[71,71,71,71,71,71,71,71,71,71,71,71,71,71,71,71,71,71,71,71,71,71,71,71,71,71,71,71,71,73,73,73,73,73,75,77,77,77,77,77,77,77,77,77,83,85,87,83,83,83,83],"card_choices":[{"not_picked":["Turbo","Streamline"],"picked":"Sunder","floor":1.0},{"not_picked":["Go for the Eyes","Beam Cell","Undo"],"picked":"SKIP","floor":4.0},{"not_picked":["Compile Driver","Steam"],"picked":"Turbo","floor":5.0},{"not_picked":["Leap","Steam","Hologram"],"picked":"SKIP","floor":8.0},{"not_picked":["Cold Snap","Beam Cell"],"picked":"Darkness","floor":12.0},{"not_picked":["Steam","Hologram"],"picked":"Reboot","floor":13.0},{"not_picked":["Coolheaded","Steam"],"picked":"Loop","floor":14.0},{"not_picked":["Thunder Strike","Meteor Strike"],"picked":"Creative AI","floor":16.0},{"not_picked":[],"picked":"Static Discharge","floor":18.0},{"not_picked":["Redo"],"picked":"SKIP","floor":19.0},{"not_picked":[],"picked":"Hologram+1","floor":24.0},{"not_picked":["Stack"],"picked":"SKIP","floor":25.0},{"not_picked":["Sunder"],"picked":"Singing Bowl","floor":30.0},{"not_picked":[],"picked":"Creative AI","floor":33.0},{"not_picked":["Streamline"],"picked":"Singing Bowl","floor":35.0},{"not_picked":["Stack+1"],"picked":"Singing Bowl","floor":36.0},{"not_picked":[],"picked":"Coolheaded","floor":41},{"not_picked":["HandOfGreed"],"picked":"Singing Bowl","floor":45},{"not_picked":["Dramatic Entrance"],"picked":"Singing Bowl","floor":45},{"not_picked":["Dark Shackles+1"],"picked":"Singing Bowl","floor":45},{"not_picked":["Chaos+1"],"picked":"Singing Bowl","floor":46},{"not_picked":["Go for the Eyes"],"picked":"Singing Bowl","floor":47}],"player_experience":732265,"relics_obtained":[{"floor":8.0,"key":"Cables"},{"floor":13.0,"key":"Mummified Hand"},{"floor":24.0,"key":"Orichalcum"},{"floor":26.0,"key":"Vajra"},{"floor":30.0,"key":"Singing Bowl"},{"floor":41,"key":"Pocketwatch"},{"floor":43,"key":"Toxic Egg 2"},{"floor":47,"key":"Torii"}],"event_choices":[{"damage_healed":0.0,"max_hp_gain":0.0,"max_hp_loss":0.0,"gold_gain":0.0,"event_name":"Scrap Ooze","player_choice":"Success","floor":3.0,"gold_loss":0.0,"damage_taken":11.0,"relics_obtained":["MawBank"]},{"damage_healed":23.0,"max_hp_gain":0.0,"max_hp_loss":0.0,"gold_gain":0.0,"event_name":"Big Fish","player_choice":"Banana","floor":7.0,"gold_loss":0.0,"damage_taken":0.0},{"cards_removed":["Strike_B"],"damage_healed":0.0,"max_hp_gain":0.0,"max_hp_loss":0.0,"gold_gain":0.0,"event_name":"Wheel of Change","player_choice":"Card Removal","floor":10.0,"gold_loss":0.0,"damage_taken":0.0},{"damage_healed":0.0,"max_hp_gain":0.0,"max_hp_loss":0.0,"gold_gain":0.0,"cards_transformed":["Strike_B"],"event_name":"Transmorgrifier","player_choice":"Transformed","floor":22.0,"gold_loss":0.0,"damage_taken":0.0,"cards_obtained":["Self Repair"]},{"damage_healed":0.0,"max_hp_gain":0.0,"max_hp_loss":0.0,"gold_gain":0.0,"event_name":"Vampires","player_choice":"Ignored","floor":31.0,"gold_loss":0.0,"damage_taken":0.0},{"damage_healed":0.0,"max_hp_gain":0.0,"max_hp_loss":0.0,"gold_gain":999.0,"event_name":"MindBloom","player_choice":"Gold","floor":37.0,"gold_loss":0.0,"damage_taken":0.0,"cards_obtained":["Normality","Normality"]},{"damage_healed":0.0,"max_hp_gain":0.0,"max_hp_loss":0.0,"gold_gain":0.0,"event_name":"Accursed Blacksmith","player_choice":"Forge","floor":38.0,"gold_loss":0.0,"damage_taken":0.0,"cards_upgraded":["Creative AI"]},{"damage_healed":0,"gold_gain":0,"player_choice":"Memory 3","damage_taken":10,"max_hp_gain":0,"max_hp_loss":0,"event_name":"SensoryStone","floor":45,"gold_loss":0},{"damage_healed":0,"gold_gain":0,"player_choice":"Fight","damage_taken":0,"max_hp_gain":0,"max_hp_loss":0,"event_name":"Mysterious Sphere","floor":47,"gold_loss":0},{"damage_healed":0,"gold_gain":0,"player_choice":"Max HP","damage_taken":0,"max_hp_gain":0,"max_hp_loss":4,"event_name":"Winding Halls","floor":48,"gold_loss":0}],"is_beta":false,"boss_relics":[{"not_picked":["Lizard Tail","White Beast Statue"],"picked":"Busted Crown"},{"not_picked":["Runic Dome","Tiny House"],"picked":"Fusion Hammer"}],"items_purged_floors":[39,42],"is_endless":false,"potions_floor_spawned":[1,4,8,16,19,24,25,35,46],"killed_by":"Awakened One","ascension_level":20}