{"gold_per_floor":[114,114,27,37,52,84,84,97,120,120,120,120,120,141,141,262,262,280,280,293,314,156,156,59,97,122,147,162,162,177,191,191,317,317,330,351,155,155,174,174,194,194,272,272,66,66,66,85,85,85],"floor_reached":50,"playtime":2600,"items_purged":["Defend_G","Defend_G"],"score":584,"play_id":"b315078c-f8ca-4c57-93ba-b5d38dd46cca","local_time":"20190603192340","is_ascension_mode":true,"campfire_choices":[{"floor":7.0,"key":"REST"},{"floor":11.0,"key":"REST"},{"data":"Neutralize","floor":13.0,"key":"SMITH"},{"data":"Finisher","floor":15.0,"key":"SMITH"},{"data":"Swift Strike","floor":23.0,"key":"SMITH"},{"floor":29.0,"key":"REST"},{"floor":32.0,"key":"REST"},{"floor":40,"key":"REST"},{"floor":42,"key":"REST"},{"floor":49,"key":"REST"}],"neow_cost":"PERCENT_DAMAGE","seed_source_timestamp":706032104882293,"circlet_count":0,"master_deck":["Defend_G","Defend_G","Strike_G","Strike_G","Strike_G","Strike_G","Strike_G","Survivor","Neutralize+1","Slice","Slice","Finisher+1","Slice","Masterful Stab","Slice","Adrenaline","Deflect","Slice","Swift Strike+1","Flash of Steel","Backstab+1","Terror+1","Footwork+1","Venomology","Deflect+1","Slice+1","Slice","Endless Agony","Finesse","Neutralize","Slice+1","Escape Plan","Secret Weapon","Bandage Up","Adrenaline","Prepared","Infinite Blades+1"],"special_seed":0,"relics":["Ring of the Snake","StoneCalendar","Blood Vial","Omamori","Golden Idol","Dream Catcher","WristBlade","Nunchaku","Oddly Smooth Stone","Orrery","Bottled Tornado","DollysMirror"],"potions_floor_usage":[39,41,41,48,50,50,50],"damage_taken":[{"damage":0.0,"enemies":"Small Slimes","floor":1.0,"turns":3.0},{"damage":0.0,"enemies":"Cultist","floor":4.0,"turns":3.0},{"damage":1.0,"enemies":"2 Louse","floor":5.0,"turns":2.0},{"damage":18.0,"enemies":"Gremlin Nob","floor":6.0,"turns":4.0},{"damage":7.0,"enemies":"Exordium Wildlife","floor":8.0,"turns":3.0},{"damage":0.0,"enemies":"2 Fungi Beasts","floor":14.0,"turns":2.0},{"damage":21.0,"enemies":"The Guardian","floor":16.0,"turns":12.0},{"damage":0.0,"enemies":"Spheric Guardian","floor":18.0,"turns":2.0},{"damage":0.0,"enemies":"Chosen","floor":20.0,"turns":3.0},{"damage":6.0,"enemies":"3 Cultists","floor":21.0,"turns":4.0},{"damage":16.0,"enemies":"Gremlin Leader","floor":25.0,"turns":7.0},{"damage":11.0,"enemies":"Centurion and Healer","floor":27.0,"turns":7.0},{"damage":0.0,"enemies":"Sentry and Sphere","floor":28.0,"turns":3.0},{"damage":0.0,"enemies":"Cultist and Chosen","floor":30.0,"turns":4.0},{"damage":10.0,"enemies":"Snecko","floor":31.0,"turns":3.0},{"damage":54.0,"enemies":"Collector","floor":33.0,"turns":9.0},{"damage":32.0,"enemies":"3 Darklings","floor":35.0,"turns":5.0},{"damage":7.0,"enemies":"3 Shapes","floor":36.0,"turns":7.0},{"damage":13,"enemies":"Spire Growth","floor":39,"turns":3},{"damage":0,"enemies":"Jaw Worm Horde","floor":41,"turns":4},{"damage":13,"enemies":"4 Shapes","floor":48,"turns":5},{"damage":104,"enemies":"Awakened One","floor":50,"turns":10}],"seed_played":"7285560927647965635","potions_obtained":[{"floor":5.0,"key":"Energy Potion"},{"floor":6.0,"key":"SkillPotion"},{"floor":14.0,"key":"SteroidPotion"},{"floor":16.0,"key":"SneckoOil"},{"floor":20.0,"key":"Explosive Potion"},{"floor":25.0,"key":"Swift Potion"},{"floor":27.0,"key":"SkillPotion"},{"floor":30.0,"key":"Fire Potion"},{"floor":33.0,"key":"EntropicBrew"},{"floor":35.0,"key":"GhostInAJar"},{"floor":41,"key":"GhostInAJar"}],"is_trial":false,"path_per_floor":["M","?","$","M","M","E","R","M","T","?","R","?","R","M","R","B",null,"M","?","M","M","$","R","$","E","T","M","M","R","M","M","R","B",null,"M","M","$","?","M","R","M","R","T","?","$","$","?","M","R","B"],"character_chosen":"THE_SILENT","items_purchased":["Slice","Finisher","Swift Strike","Flash of Steel","Finesse","DollysMirror"],"campfire_rested":7,"item_purchase_floors":[3,3,22,24,37,45],"current_hp_per_floor":[49,49,49,49,48,30,51,46,46,46,67,67,67,69,69,49,70,70,70,70,64,64,64,64,50,50,41,43,64,66,58,70,16,70,38,33,33,33,22,43,45,66,66,61,61,61,61,54,70,0],"gold":85,"neow_bonus":"ONE_RARE_RELIC","is_prod":false,"is_daily":false,"chose_seed":false,"campfire_upgraded":3,"win_rate":0,"timestamp":1559579020,"path_taken":["M","?","?","M","?","E","R","M","T","?","R","?","R","?","R","BOSS","M","?","M","?","$","R","$","E","T","M","M","R","M","M","R","BOSS","M","M","$","?","?","R","?","R","T","?","?","$","?","M","R","BOSS"],"build_version":"2019-01-23","purchased_purges":2,"victory":false,"max_hp_per_floor":[70,70,70,70,70,70,70,70,70,70,70,70,70,70,70,70,70,70,70,70,70,70,70,70,70,70,70,70,70,70,70,70,70,70,70,70,70,70,70,70,70,70,70,70,70,70,70,70,70,70],"card_choices":[{"not_picked":["Deflect","Deadly Poison"],"picked":"Slice","floor":1.0},{"not_picked":["Caltrops","Outmaneuver"],"picked":"Slice","floor":4.0},{"not_picked":["Slice","Acrobatics"],"picked":"Masterful Stab","floor":5.0},{"not_picked":["Backflip","Infinite Blades"],"picked":"Slice","floor":6.0},{"not_picked":["Leg Sweep","All Out Attack","Grand Finale"],"picked":"SKIP","floor":8.0},{"not_picked":["Dodge and Roll","Backflip","Underhanded Strike"],"picked":"SKIP","floor":14.0},{"not_picked":["After Image","Malaise"],"picked":"Adrenaline","floor":16.0},{"not_picked":["Riddle With Holes","Dash"],"picked":"Deflect","floor":18.0},{"not_picked":["Choke+1","Deadly Poison+1","Dodge and Roll"],"picked":"SKIP","floor":20.0},{"not_picked":["Bane","PiercingWail"],"picked":"Slice","floor":21.0},{"not_picked":["Reflex","Catalyst","Blade Dance"],"picked":"SKIP","floor":25.0},{"not_picked":["Accuracy+1","Setup"],"picked":"Backstab+1","floor":27.0},{"not_picked":["Dagger Spray","Malaise","PiercingWail"],"picked":"SKIP","floor":28.0},{"not_picked":["Finisher","All Out Attack"],"picked":"Terror+1","floor":30.0},{"not_picked":["Accuracy+1","Flying Knee","Dash"],"picked":"SKIP","floor":31.0},{"not_picked":["Deflect","Predator"],"picked":"Footwork+1","floor":32.0},{"not_picked":["Corpse Explosion","Bullet Time"],"picked":"Venomology","floor":33.0},{"not_picked":["Infinite Blades+1","Acrobatics+1"],"picked":"Deflect+1","floor":34.0},{"not_picked":["Deflect+1","Bane"],"picked":"Slice+1","floor":34.0},{"not_picked":["Dagger Throw+1","Bane+1"],"picked":"Slice","floor":35.0},{"not_picked":["Poisoned Stab+1","Deadly Poison+1"],"picked":"Endless Agony","floor":36.0},{"not_picked":["Poisoned Stab+1","Leg Sweep"],"picked":"Slice+1","floor":39},{"not_picked":["Expertise+1","Underhanded Strike+1"],"picked":"Escape Plan","floor":41},{"not_picked":["Chrysalis","PanicButton"],"picked":"Secret Weapon","floor":44},{"not_picked":["Madness","Chrysalis"],"picked":"Bandage Up","floor":44},{"not_picked":["Flying Knee","All Out Attack+1"],"picked":"Prepared","floor":48},{"not_picked":["Backstab","Backflip"],"picked":"Infinite Blades+1","floor":49}],"player_experience":1447246,"relics_obtained":[{"floor":6.0,"key":"Blood Vial"},{"floor":9.0,"key":"Omamori"},{"floor":25.0,"key":"Nunchaku"},{"floor":26.0,"key":"Oddly Smooth Stone"},{"floor":43,"key":"Bottled Tornado"}],"event_choices":[{"cards_removed":["Defend_G"],"damage_healed":0.0,"max_hp_gain":0.0,"max_hp_loss":0.0,"gold_gain":0.0,"event_name":"Bonfire Elementals","player_choice":"Offered Basic","floor":2.0,"gold_loss":0.0,"damage_taken":0.0},{"damage_healed":0.0,"max_hp_gain":0.0,"max_hp_loss":0.0,"gold_gain":0.0,"event_name":"Golden Idol","player_choice":"Take Wound","floor":10.0,"gold_loss":0.0,"damage_taken":0.0,"relics_obtained":["Golden Idol"],"cards_obtained":["Injury"]},{"damage_healed":0.0,"max_hp_gain":0.0,"max_hp_loss":0.0,"gold_gain":0.0,"event_name":"WeMeetAgain","player_choice":"Gave Potion","floor":12.0,"gold_loss":0.0,"damage_taken":0.0,"relics_obtained":["Dream Catcher"]},{"damage_healed":0.0,"max_hp_gain":0.0,"max_hp_loss":0.0,"gold_gain":0.0,"event_name":"The Woman in Blue","player_choice":"Bought 0 Potions","floor":19.0,"gold_loss":0.0,"damage_taken":0.0},{"damage_healed":0.0,"max_hp_gain":0.0,"max_hp_loss":0.0,"gold_gain":0.0,"event_name":"Match and Keep!","player_choice":"1 cards matched","floor":38.0,"gold_loss":0.0,"damage_taken":0.0,"cards_obtained":["Neutralize"]},{"damage_healed":0,"gold_gain":0,"player_choice":"Memory 2","damage_taken":5,"max_hp_gain":0,"max_hp_loss":0,"event_name":"SensoryStone","floor":44,"gold_loss":0},{"damage_healed":0,"gold_gain":0,"player_choice":"Got Potions","damage_taken":0,"max_hp_gain":0,"max_hp_loss":0,"event_name":"Lab","floor":47,"gold_loss":0}],"is_beta":false,"boss_relics":[{"not_picked":["Runic Pyramid","Pandora\u0027s Box"],"picked":"WristBlade"},{"not_picked":["Runic Dome","Cursed Key"],"picked":"Orrery"}],"items_purged_floors":[22,37],"is_endless":false,"potions_floor_spawned":[5,6,14,16,20,25,27,30,33,35,41,48],"killed_by":"Awakened One","ascension_level":3}