{"gold_per_floor":[116,21,31,46,46,80,80,80,105,105,122,132,149,183,183,282,282,301,145,164,164,11,36,56,76,157,170,170,170,182,197,197,197],"floor_reached":33,"playtime":1925,"items_purged":["Writhe"],"score":499,"play_id":"1c80d207-9f00-4d13-8038-aea7d7f4726b","local_time":"20190625212818","is_ascension_mode":true,"campfire_choices":[{"floor":7.0,"key":"REST"},{"floor":10.0,"key":"REST"},{"floor":15.0,"key":"REST"},{"floor":28.0,"key":"REST"},{"floor":32.0,"key":"REST"}],"neow_cost":"NONE","seed_source_timestamp":1045073665143998,"circlet_count":0,"master_deck":["AscendersBane","Defend_G+1","Defend_G+1","Defend_G","Defend_G","Defend_G","Strike_G","Strike_G","Strike_G","Strike_G","Strike_G","Survivor","Neutralize","All Out Attack","Underhanded Strike","Prepared","All Out Attack","Acrobatics","Cloak And Dagger","All Out Attack","Escape Plan","Calculated Gamble","Envenom","Adrenaline","Parasite","Injury","Underhanded Strike","All Out Attack","Acrobatics","Dagger Throw","Burst","Underhanded Strike","Tactician","Terror"],"special_seed":0,"relics":["Ring of the Snake","NeowsBlessing","Bag of Preparation","Boot","War Paint","Anchor","Calling Bell","Oddly Smooth Stone","Ninja Scroll","Tingsha","PreservedInsect","Orichalcum","Bottled Flame","MutagenicStrength"],"potions_floor_usage":[33,33],"damage_taken":[{"damage":0.0,"enemies":"Cultist","floor":1.0,"turns":1.0},{"damage":0.0,"enemies":"Jaw Worm","floor":3.0,"turns":1.0},{"damage":0.0,"enemies":"2 Louse","floor":4.0,"turns":1.0},{"damage":38.0,"enemies":"Lagavulin","floor":6.0,"turns":6.0},{"damage":0.0,"enemies":"2 Fungi Beasts","floor":11.0,"turns":2.0},{"damage":0.0,"enemies":"Looter","floor":12.0,"turns":3.0},{"damage":0.0,"enemies":"Blue Slaver","floor":13.0,"turns":3.0},{"damage":12.0,"enemies":"3 Sentries","floor":14.0,"turns":5.0},{"damage":32.0,"enemies":"The Guardian","floor":16.0,"turns":15.0},{"damage":3.0,"enemies":"2 Thieves","floor":18.0,"turns":4.0},{"damage":0.0,"enemies":"3 Byrds","floor":20.0,"turns":3.0},{"damage":0.0,"enemies":"Gremlin Leader","floor":23.0,"turns":5.0},{"damage":0.0,"enemies":"Cultist and Chosen","floor":24.0,"turns":5.0},{"damage":32.0,"enemies":"Sentry and Sphere","floor":25.0,"turns":6.0},{"damage":0.0,"enemies":"Snake Plant","floor":27.0,"turns":3.0},{"damage":0.0,"enemies":"Chosen and Byrds","floor":30.0,"turns":3.0},{"damage":0.0,"enemies":"3 Cultists","floor":31.0,"turns":2.0},{"damage":71,"enemies":"Automaton","floor":33,"turns":8}],"seed_played":"8497283545419815163","potions_obtained":[{"floor":3.0,"key":"PowerPotion"},{"floor":6.0,"key":"SkillPotion"},{"floor":11.0,"key":"EntropicBrew"},{"floor":16.0,"key":"GhostInAJar"},{"floor":30.0,"key":"Swift Potion"}],"is_trial":false,"path_per_floor":["M","$","M","M","$","E","R","?","T","R","M","M","M","E","R","B",null,"M","$","M","?","$","E","M","M","T","M","R","?","M","M","R","B"],"character_chosen":"THE_SILENT","items_purchased":["Underhanded Strike","Prepared","All Out Attack","PreservedInsect"],"campfire_rested":5,"item_purchase_floors":[2,2,19,22],"current_hp_per_floor":[63,63,63,63,63,25,46,43,43,64,64,64,64,52,70,38,62,59,59,59,59,59,59,59,27,27,27,48,48,48,48,69,0],"gold":197,"neow_bonus":"THREE_ENEMY_KILL","is_prod":false,"is_daily":false,"chose_seed":false,"campfire_upgraded":0,"win_rate":0,"timestamp":1561487298,"path_taken":["M","$","?","M","$","E","R","?","T","R","M","M","M","E","R","BOSS","M","$","M","?","$","E","M","M","T","M","R","?","M","M","R","BOSS"],"build_version":"2019-01-23","purchased_purges":1,"victory":false,"max_hp_per_floor":[70,70,70,70,70,70,70,70,70,70,70,70,70,70,70,70,70,70,70,70,70,70,70,70,70,70,70,70,70,70,70,70,70],"card_choices":[{"not_picked":["Prepared","PiercingWail"],"picked":"All Out Attack","floor":1.0},{"not_picked":["Deflect","Escape Plan"],"picked":"All Out Attack","floor":3.0},{"not_picked":["Finisher","Bane"],"picked":"Acrobatics","floor":4.0},{"not_picked":["Catalyst","Accuracy"],"picked":"Cloak And Dagger","floor":6.0},{"not_picked":["Bouncing Flask","Flying Knee"],"picked":"All Out Attack","floor":11.0},{"not_picked":["Accuracy","Masterful Stab"],"picked":"Escape Plan","floor":12.0},{"not_picked":["Deflect","Poisoned Stab"],"picked":"Calculated Gamble","floor":13.0},{"not_picked":["Bane","Masterful Stab"],"picked":"Envenom","floor":14.0},{"not_picked":["After Image","Glass Knife"],"picked":"Adrenaline","floor":16.0},{"not_picked":["Outmaneuver","Blur"],"picked":"Underhanded Strike","floor":18.0},{"not_picked":["Dagger Spray+1","Bane"],"picked":"Acrobatics","floor":20.0},{"not_picked":["Underhanded Strike","Backflip"],"picked":"Dagger Throw","floor":23.0},{"not_picked":["Caltrops","Backstab+1"],"picked":"Burst","floor":24.0},{"not_picked":["Backflip","Footwork+1","Sucker Punch"],"picked":"SKIP","floor":25.0},{"not_picked":["Skewer","Cloak And Dagger"],"picked":"Underhanded Strike","floor":27.0},{"not_picked":["Reflex","Poisoned Stab+1"],"picked":"Tactician","floor":30.0},{"not_picked":["Catalyst","Dagger Spray+1"],"picked":"Terror","floor":31.0}],"player_experience":1582464,"relics_obtained":[{"floor":6.0,"key":"Bag of Preparation"},{"floor":9.0,"key":"War Paint"},{"floor":14.0,"key":"Anchor"},{"floor":17.0,"key":"Oddly Smooth Stone"},{"floor":17.0,"key":"Ninja Scroll"},{"floor":17.0,"key":"Tingsha"},{"floor":23.0,"key":"Orichalcum"},{"floor":26.0,"key":"Bottled Flame"}],"event_choices":[{"damage_healed":0.0,"max_hp_gain":0.0,"max_hp_loss":0.0,"gold_gain":0.0,"event_name":"Scrap Ooze","player_choice":"Success","floor":8.0,"gold_loss":0.0,"damage_taken":3.0,"relics_obtained":["Boot"]},{"damage_healed":0.0,"max_hp_gain":0.0,"max_hp_loss":0.0,"gold_gain":0.0,"event_name":"Vampires","player_choice":"Ignored","floor":21.0,"gold_loss":0.0,"damage_taken":0.0},{"damage_healed":0.0,"max_hp_gain":0.0,"max_hp_loss":0.0,"gold_gain":0.0,"event_name":"Drug Dealer","player_choice":"Inject Mutagens","floor":29.0,"gold_loss":0.0,"damage_taken":0.0,"relics_obtained":["MutagenicStrength"]}],"is_beta":false,"boss_relics":[{"not_picked":["Fusion Hammer","Astrolabe"],"picked":"Calling Bell"}],"items_purged_floors":[19],"is_endless":false,"potions_floor_spawned":[3,6,11,16,20,23,27,30,31],"killed_by":"Automaton","ascension_level":11}