{"gold_per_floor":[113,188,188,113,123,154,154,172,196,71,71,127,127,4,4,109,109,120,70,80,80,30,30,47,63,113,113,113,142,142,142,142,240,240,254,254,271,284,284,284],"floor_reached":40,"playtime":811,"items_purged":["Strike_B","Strike_B","Strike_B","Defend_B","Skim"],"score":400,"play_id":"7a8ac83d-7bbd-43c7-8e80-e085357ec0db","local_time":"20190729010603","is_ascension_mode":false,"campfire_choices":[{"data":"Fission","floor":7.0,"key":"SMITH"},{"data":"Dualcast","floor":11.0,"key":"SMITH"},{"data":"Streamline","floor":13.0,"key":"SMITH"},{"floor":15.0,"key":"REST"},{"data":"Tempest","floor":23.0,"key":"SMITH"},{"floor":28.0,"key":"REST"},{"data":"Beam Cell","floor":30.0,"key":"SMITH"},{"floor":32.0,"key":"REST"}],"neow_cost":"TEN_PERCENT_HP_LOSS","seed_source_timestamp":6632792170212,"circlet_count":0,"master_deck":["Zap+1","Dualcast+1","Ball Lightning","Rebound","Fission+1","Streamline+1","Streamline","Tempest+1","Electrodynamics","Streamline","Beam Cell+1","Sweeping Beam+1","Reinforced Body","Biased Cognition","Chaos+1"],"special_seed":0,"relics":["Cracked Core","Pocketwatch","PreservedInsect","Omamori","Empty Cage","Blood Vial","Nloth\u0027s Gift","Juzu Bracelet","Sozu"],"potions_floor_usage":[],"damage_taken":[{"damage":0.0,"enemies":"2 Louse","floor":1.0,"turns":3.0},{"damage":6.0,"enemies":"Jaw Worm","floor":5.0,"turns":2.0},{"damage":18.0,"enemies":"Gremlin Nob","floor":6.0,"turns":3.0},{"damage":0.0,"enemies":"Cultist","floor":8.0,"turns":2.0},{"damage":0.0,"enemies":"Gremlin Nob","floor":12.0,"turns":2.0},{"damage":10.0,"enemies":"Slime Boss","floor":16.0,"turns":5.0},{"damage":0.0,"enemies":"Spheric Guardian","floor":18.0,"turns":1.0},{"damage":10.0,"enemies":"3 Byrds","floor":20.0,"turns":3.0},{"damage":18.0,"enemies":"Shelled Parasite and Fungi","floor":24.0,"turns":2.0},{"damage":12.0,"enemies":"Centurion and Healer","floor":25.0,"turns":2.0},{"damage":18.0,"enemies":"Gremlin Leader","floor":29.0,"turns":3.0},{"damage":30.0,"enemies":"Automaton","floor":33.0,"turns":8.0},{"damage":7.0,"enemies":"3 Shapes","floor":35.0,"turns":2.0},{"damage":11,"enemies":"3 Darklings","floor":37,"turns":3},{"damage":25,"enemies":"Maw","floor":38,"turns":5},{"damage":59,"enemies":"Nemesis","floor":40,"turns":4}],"seed_played":"6693017899014438250","potions_obtained":[{"floor":1.0,"key":"Explosive Potion"},{"floor":5.0,"key":"EssenceOfSteel"},{"floor":24.0,"key":"EssenceOfSteel"},{"floor":29.0,"key":"PowerPotion"},{"floor":33.0,"key":"Explosive Potion"}],"is_trial":false,"path_per_floor":["M","?","?","$","M","E","R","M","T","$","R","?","R","$","R","B",null,"M","$","M","?","$","R","M","M","T","?","R","E","R","$","R","B",null,"M","?","M","M","?","E"],"character_chosen":"DEFECT","items_purchased":["Streamline","Tempest"],"campfire_rested":3,"item_purchase_floors":[10,14],"current_hp_per_floor":[68,57,57,57,51,33,33,33,33,33,33,33,33,33,53,43,68,68,68,58,58,58,58,40,28,28,28,48,32,32,32,52,24,68,61,61,52,29,29,0],"gold":284,"neow_bonus":"ONE_RARE_RELIC","is_prod":false,"is_daily":false,"chose_seed":false,"campfire_upgraded":5,"win_rate":0,"timestamp":1564383963,"path_taken":["M","?","?","$","M","E","R","?","T","$","R","?","R","$","R","BOSS","M","$","M","?","$","R","M","M","T","?","R","E","R","$","R","BOSS","M","?","M","M","?","E"],"build_version":"2019-07-17","purchased_purges":5,"victory":false,"max_hp_per_floor":[68,68,68,68,68,68,68,68,68,68,68,68,68,68,68,68,68,68,68,68,68,68,68,68,68,68,68,68,68,68,68,68,68,68,68,68,68,68,68,68],"card_choices":[{"not_picked":["Auto Shields","Consume"],"picked":"Ball Lightning","floor":1.0},{"not_picked":["Gash","Rip and Tear"],"picked":"Rebound","floor":5.0},{"not_picked":["Cold Snap","Go for the Eyes"],"picked":"Fission","floor":6.0},{"not_picked":["Barrage","Redo","Steam"],"picked":"SKIP","floor":8.0},{"not_picked":["Sweeping Beam","Go for the Eyes"],"picked":"Streamline","floor":12.0},{"not_picked":["Creative AI","Fission"],"picked":"Electrodynamics","floor":16.0},{"not_picked":["Hologram","Steam"],"picked":"Streamline","floor":18.0},{"not_picked":["Gash+1","Beam Cell+1","Hologram"],"picked":"SKIP","floor":20.0},{"not_picked":["Gash+1","Compile Driver","Recycle"],"picked":"SKIP","floor":24.0},{"not_picked":["Leap+1","Heatsinks"],"picked":"Sweeping Beam+1","floor":25.0},{"not_picked":["Compile Driver","Hyperbeam"],"picked":"Reinforced Body","floor":29.0},{"not_picked":["Hyperbeam","Amplify"],"picked":"Biased Cognition","floor":33.0},{"not_picked":["Redo","Rebound","Self Repair"],"picked":"SKIP","floor":35.0},{"not_picked":["Steam+1","Skim","Scrape+1"],"picked":"SKIP","floor":37},{"not_picked":["Go for the Eyes","Streamline"],"picked":"Chaos","floor":38}],"player_experience":1587115,"relics_obtained":[{"floor":6.0,"key":"PreservedInsect"},{"floor":9.0,"key":"Omamori"},{"floor":26.0,"key":"Blood Vial"},{"floor":29.0,"key":"Juzu Bracelet"}],"event_choices":[{"damage_healed":0.0,"max_hp_gain":0.0,"max_hp_loss":0.0,"gold_gain":75.0,"event_name":"World of Goop","player_choice":"Gather Gold","floor":2.0,"gold_loss":0.0,"damage_taken":11.0},{"damage_healed":0.0,"max_hp_gain":0.0,"max_hp_loss":0.0,"gold_gain":0.0,"event_name":"Upgrade Shrine","player_choice":"Upgraded","floor":3.0,"gold_loss":0.0,"damage_taken":0.0,"cards_upgraded":["Zap"]},{"damage_healed":0.0,"max_hp_gain":0.0,"max_hp_loss":0.0,"gold_gain":0.0,"event_name":"Dead Adventurer","player_choice":"Searched \u00272\u0027 times","floor":12.0,"gold_loss":0.0,"damage_taken":0.0,"relics_obtained":["Smiling Mask"]},{"damage_healed":0.0,"max_hp_gain":0.0,"max_hp_loss":0.0,"gold_gain":0.0,"cards_transformed":["Defend_B","Defend_B"],"event_name":"Drug Dealer","player_choice":"Became Test Subject","floor":21.0,"gold_loss":0.0,"damage_taken":0.0,"cards_obtained":["Skim","Beam Cell"]},{"damage_healed":0.0,"max_hp_gain":0.0,"max_hp_loss":0.0,"gold_gain":0.0,"event_name":"N\u0027loth","player_choice":"Traded Relic","floor":27.0,"relics_lost":["Smiling Mask"],"gold_loss":0.0,"damage_taken":0.0,"relics_obtained":["Nloth\u0027s Gift"]},{"damage_healed":0.0,"max_hp_gain":0.0,"max_hp_loss":0.0,"gold_gain":0.0,"event_name":"Tomb of Lord Red Mask","player_choice":"Ignored","floor":36.0,"gold_loss":0.0,"damage_taken":0.0},{"damage_healed":0,"gold_gain":0,"player_choice":"Forge","damage_taken":0,"max_hp_gain":0,"max_hp_loss":0,"event_name":"Accursed Blacksmith","floor":39,"gold_loss":0,"cards_upgraded":["Chaos"]}],"is_beta":false,"boss_relics":[{"not_picked":["FrozenCore","Tiny House"],"picked":"Empty Cage"},{"not_picked":["Cursed Key","Eternal Feather"],"picked":"Sozu"}],"items_purged_floors":[4,10,14,19,22],"is_endless":false,"potions_floor_spawned":[1,5,24,29,33,38],"killed_by":"Nemesis","ascension_level":0}