{"gold_per_floor":[109,9,26,36,36,36,67,4,4,4,19,39,55,70,70,169,169,183,37,37,50,63,63,78,78,126,126,8,24,54,70,70,70],"floor_reached":33,"playtime":2432,"items_purged":["Regret"],"score":323,"play_id":"79574bdf-ea39-4ab4-9041-58035e89a88f","local_time":"20190602170509","is_ascension_mode":true,"campfire_choices":[{"data":"Flying Knee","floor":6.0,"key":"SMITH"},{"floor":10.0,"key":"REST"},{"data":"Calculated Gamble","floor":15.0,"key":"SMITH"},{"floor":23,"key":"REST"},{"floor":25,"key":"REST"},{"floor":32,"key":"REST"}],"neow_cost":"CURSE","seed_source_timestamp":611711574607731,"circlet_count":0,"master_deck":["Defend_G","Defend_G","Defend_G","Defend_G","Defend_G","Strike_G","Strike_G","Strike_G","Strike_G","Strike_G","Survivor","Neutralize","Prepared","Backflip","Flying Knee+1","Malaise","Slice","Escape Plan","Tactician","Masterful Stab","Venomology","Flying Knee","Backstab","Underhanded Strike","Calculated Gamble+1","After Image","Dagger Throw","Deflect+1","Concentrate","Expertise","Expertise","All Out Attack","Reflex","Quick Slash+1","Choke+1","Dagger Throw","Backstab","Doppelganger","Prepared","Dagger Throw+1"],"special_seed":0,"relics":["Ring of the Serpent","Prayer Wheel","The Courier","Paper Crane","Omamori","Lantern","Bottled Lightning"],"potions_floor_usage":[22,24,29,33,33,33,33],"damage_taken":[{"damage":6.0,"enemies":"Cultist","floor":1.0,"turns":4.0},{"damage":2.0,"enemies":"2 Louse","floor":3.0,"turns":3.0},{"damage":0.0,"enemies":"Small Slimes","floor":4.0,"turns":4.0},{"damage":33.0,"enemies":"Lagavulin","floor":7.0,"turns":11.0},{"damage":0.0,"enemies":"2 Fungi Beasts","floor":11.0,"turns":4.0},{"damage":2.0,"enemies":"Exordium Wildlife","floor":12.0,"turns":6.0},{"damage":0.0,"enemies":"Blue Slaver","floor":13.0,"turns":3.0},{"damage":4.0,"enemies":"2 Fungi Beasts","floor":14.0,"turns":2.0},{"damage":44.0,"enemies":"Slime Boss","floor":16.0,"turns":10.0},{"damage":28.0,"enemies":"Spheric Guardian","floor":18.0,"turns":6.0},{"damage":0.0,"enemies":"Chosen","floor":21.0,"turns":5.0},{"damage":18,"enemies":"Sentry and Sphere","floor":22,"turns":6},{"damage":14,"enemies":"Centurion and Healer","floor":24,"turns":6},{"damage":17,"enemies":"3 Cultists","floor":29,"turns":5},{"damage":22,"enemies":"Book of Stabbing","floor":30,"turns":5},{"damage":12,"enemies":"Cultist and Chosen","floor":31,"turns":3},{"damage":38,"enemies":"Collector","floor":33,"turns":7}],"seed_played":"-6537934827845893303","potions_obtained":[{"floor":3.0,"key":"Explosive Potion"},{"floor":4.0,"key":"Regen Potion"},{"floor":7.0,"key":"GhostInAJar"},{"floor":12.0,"key":"SkillPotion"},{"floor":16.0,"key":"EntropicBrew"},{"floor":20.0,"key":"EntropicBrew"},{"floor":20.0,"key":"SkillPotion"},{"floor":21.0,"key":"AttackPotion"}],"is_trial":false,"path_per_floor":["M","$","M","M","?","R","E","$","T","R","M","M","M","M","R","B",null,"M","$","?","M","M","R","M","R","T","?","$","M","E","M","R","B"],"character_chosen":"THE_SILENT","items_purchased":["Flying Knee","Escape Plan","Concentrate","Expertise","Expertise","Lantern"],"campfire_rested":4,"item_purchase_floors":[2,8,19,19,19,28],"current_hp_per_floor":[64,64,62,62,67,67,49,49,49,71,71,69,69,65,65,21,75,52,52,52,52,34,56,42,64,64,64,64,47,25,13,35,0],"gold":70,"neow_bonus":"ONE_RARE_RELIC","is_prod":false,"is_daily":false,"chose_seed":false,"campfire_upgraded":2,"win_rate":0,"timestamp":1559484309,"path_taken":["M","$","?","M","?","R","E","$","T","R","M","M","M","M","R","BOSS","M","$","?","M","M","R","?","R","T","?","?","M","E","M","R","BOSS"],"build_version":"2019-01-23","purchased_purges":1,"victory":false,"max_hp_per_floor":[70,70,70,70,75,75,75,75,75,75,75,75,75,75,75,75,75,75,75,75,75,75,75,75,75,75,75,75,75,75,75,75,75],"card_choices":[{"not_picked":["Dash","Sucker Punch"],"picked":"Prepared","floor":1.0},{"not_picked":["Dagger Throw","Blade Dance"],"picked":"Backflip","floor":1.0},{"not_picked":["Cloak And Dagger","Flechettes","Acrobatics"],"picked":"SKIP","floor":3.0},{"not_picked":["Outmaneuver","Sucker Punch","Cloak And Dagger"],"picked":"SKIP","floor":3.0},{"not_picked":["Deflect","Blade Dance"],"picked":"Malaise","floor":4.0},{"not_picked":["Bane","Poisoned Stab","Sucker Punch"],"picked":"SKIP","floor":4.0},{"not_picked":["Riddle With Holes","Blade Dance"],"picked":"Slice","floor":7.0},{"not_picked":["Slice","Reflex"],"picked":"Tactician","floor":11.0},{"not_picked":["Dash","Terror"],"picked":"Masterful Stab","floor":11.0},{"not_picked":["Dash","Terror"],"picked":"Venomology","floor":12.0},{"not_picked":["Blade Dance","Poisoned Stab","Dodge and Roll"],"picked":"SKIP","floor":12.0},{"not_picked":["Endless Agony","Poisoned Stab"],"picked":"Flying Knee","floor":13.0},{"not_picked":["Noxious Fumes","Bane"],"picked":"Backstab","floor":13.0},{"not_picked":["Choke","Outmaneuver"],"picked":"Underhanded Strike","floor":14.0},{"not_picked":["Acrobatics","Die Die Die"],"picked":"Calculated Gamble","floor":14.0},{"not_picked":["Envenom","Die Die Die"],"picked":"After Image","floor":16.0},{"not_picked":["Dash","Backflip"],"picked":"Dagger Throw","floor":18.0},{"not_picked":["Outmaneuver","Endless Agony"],"picked":"Deflect+1","floor":18.0},{"not_picked":["Poisoned Stab","Endless Agony"],"picked":"All Out Attack","floor":21.0},{"not_picked":["Predator","Bouncing Flask"],"picked":"Reflex","floor":21.0},{"not_picked":["Dagger Spray","Outmaneuver"],"picked":"Quick Slash+1","floor":22},{"not_picked":["Glass Knife","Slice"],"picked":"Choke+1","floor":22},{"not_picked":["Dagger Spray","Poisoned Stab"],"picked":"Dagger Throw","floor":24},{"not_picked":["Flying Knee+1","Dagger Throw"],"picked":"Backstab","floor":24},{"not_picked":["Bane+1","Dagger Spray"],"picked":"Doppelganger","floor":29},{"not_picked":["Setup","Dodge and Roll","Well Laid Plans+1"],"picked":"SKIP","floor":29},{"not_picked":["Bouncing Flask+1","Dagger Spray"],"picked":"Prepared","floor":30},{"not_picked":["Quick Slash","Blade Dance"],"picked":"Dagger Throw+1","floor":31},{"not_picked":["Bouncing Flask","Bane","Deadly Poison"],"picked":"SKIP","floor":31}],"player_experience":1440870,"relics_obtained":[{"floor":7.0,"key":"The Courier"},{"floor":9.0,"key":"Paper Crane"},{"floor":26,"key":"Omamori"},{"floor":30,"key":"Bottled Lightning"}],"event_choices":[{"damage_healed":0.0,"max_hp_gain":5.0,"max_hp_loss":0.0,"gold_gain":0.0,"event_name":"Big Fish","player_choice":"Donut","floor":5.0,"gold_loss":0.0,"damage_taken":0.0},{"damage_healed":0.0,"max_hp_gain":0.0,"max_hp_loss":0.0,"gold_gain":0.0,"event_name":"Lab","player_choice":"Got Potions","floor":20.0,"gold_loss":0.0,"damage_taken":0.0},{"damage_healed":0,"gold_gain":0,"player_choice":"Ignored","damage_taken":0,"max_hp_gain":0,"max_hp_loss":0,"event_name":"Beggar","floor":27,"gold_loss":0}],"is_beta":false,"boss_relics":[{"not_picked":["Runic Dome","Coffee Dripper"],"picked":"Ring of the Serpent"}],"items_purged_floors":[2],"is_endless":false,"potions_floor_spawned":[3,4,7,12,16,21,22,30,31],"killed_by":"Collector","ascension_level":2}