{"gold_per_floor":[112,131,56,14,14,14,25,25,25,38,56,68,68,102,102,102],"floor_reached":16,"playtime":964,"items_purged":["Doubt"],"score":199,"play_id":"fff21b56-f817-4468-b4df-e33107764863","local_time":"20190523113339","is_ascension_mode":true,"campfire_choices":[{"floor":6.0,"key":"REST"},{"data":"Normality","floor":8.0,"key":"PURGE"},{"data":"Writhe","floor":13,"key":"PURGE"},{"floor":15,"key":"REST"}],"neow_cost":"NONE","seed_source_timestamp":57782933150440,"circlet_count":0,"master_deck":["AscendersBane","Defend_G","Defend_G","Defend_G","Defend_G","Defend_G","Strike_G","Strike_G","Strike_G","Strike_G","Strike_G","Survivor","Neutralize","Dagger Throw","Underhanded Strike","Unload","Underhanded Strike","Poisoned Stab","Leg Sweep"],"special_seed":0,"relics":["Calling Bell","Lantern","Dodecahedron","Peace Pipe","Meat on the Bone","Bronze Scales"],"potions_floor_usage":[12,14,14],"damage_taken":[{"damage":37.0,"enemies":"Cultist","floor":1.0,"turns":7.0},{"damage":11.0,"enemies":"Small Slimes","floor":2.0,"turns":6.0},{"damage":1.0,"enemies":"2 Louse","floor":7.0,"turns":3.0},{"damage":0,"enemies":"2 Fungi Beasts","floor":10,"turns":4},{"damage":17,"enemies":"Large Slime","floor":11,"turns":7},{"damage":10,"enemies":"Exordium Thugs","floor":12,"turns":3},{"damage":25,"enemies":"Lagavulin","floor":14,"turns":5},{"damage":59,"enemies":"Slime Boss","floor":16,"turns":7}],"seed_played":"1968314582709148017","potions_obtained":[{"floor":1.0,"key":"PowerPotion"},{"floor":11,"key":"Weak Potion"},{"floor":12,"key":"Swift Potion"}],"is_trial":false,"path_per_floor":["M","M","$","?","?","R","M","R","T","M","M","M","R","E","R","B"],"character_chosen":"THE_SILENT","items_purchased":[],"campfire_rested":2,"item_purchase_floors":[],"current_hp_per_floor":[22,11,11,11,11,30,29,29,29,41,36,38,38,25,44,0],"gold":102,"neow_bonus":"BOSS_RELIC","is_prod":false,"is_daily":false,"chose_seed":false,"campfire_upgraded":0,"win_rate":0,"timestamp":1558604019,"path_taken":["M","?","$","?","?","R","M","R","T","M","M","M","R","E","R","BOSS"],"build_version":"2019-01-23","purchased_purges":1,"victory":false,"max_hp_per_floor":[66,66,66,66,66,66,66,66,66,66,66,66,66,66,66,66],"card_choices":[{"not_picked":["Flechettes","Slice"],"picked":"Dagger Throw","floor":1.0},{"not_picked":["Deflect","Quick Slash"],"picked":"Underhanded Strike","floor":2.0},{"not_picked":["Sucker Punch","Outmaneuver"],"picked":"Unload","floor":7.0},{"not_picked":["Predator","Prepared"],"picked":"Underhanded Strike","floor":10},{"not_picked":["Eviscerate","Acrobatics"],"picked":"Poisoned Stab","floor":11},{"not_picked":["Caltrops","Bane"],"picked":"Leg Sweep","floor":14}],"player_experience":945268,"relics_obtained":[{"floor":0.0,"key":"Lantern"},{"floor":0.0,"key":"Dodecahedron"},{"floor":0.0,"key":"Peace Pipe"},{"floor":9.0,"key":"Meat on the Bone"},{"floor":14,"key":"Bronze Scales"}],"event_choices":[{"damage_healed":0.0,"max_hp_gain":0.0,"max_hp_loss":0.0,"gold_gain":0.0,"event_name":"World of Goop","player_choice":"Left Gold","floor":4.0,"gold_loss":42.0,"damage_taken":0.0},{"damage_healed":0.0,"max_hp_gain":0.0,"max_hp_loss":0.0,"gold_gain":0.0,"event_name":"Shining Light","player_choice":"Ignored","floor":5.0,"gold_loss":0.0,"damage_taken":0.0}],"is_beta":false,"boss_relics":[],"items_purged_floors":[3],"is_endless":false,"potions_floor_spawned":[1,11,12],"killed_by":"Slime Boss","ascension_level":19}