{"gold_per_floor":[116,128,128,128,145,145,50,79,130,148,163,163,88,121,121,198,198,217,142,159,174,174,174,174,99,170,185,185,185,2,29,29,104,104,121,396,412,425,215,215,240,250,550,550,566,199,199,233,233,233,233,233,233,58,87,87],"floor_reached":57,"playtime":2597,"items_purged":["Defend_B","Defend_B","Regret","Parasite","Zap"],"score":2851,"play_id":"86a41de8-cdc2-4bbd-a671-91c35e2fff10","local_time":"20190627232721","is_ascension_mode":true,"campfire_choices":[{"data":"Darkness","floor":6.0,"key":"SMITH"},{"data":"Loop","floor":12.0,"key":"SMITH"},{"data":"Double Energy","floor":15.0,"key":"SMITH"},{"floor":23.0,"key":"REST"},{"data":"Chill","floor":29.0,"key":"SMITH"},{"data":"Defragment","floor":32.0,"key":"SMITH"},{"data":"Defragment","floor":40,"key":"SMITH"},{"data":"Ghostly","floor":44,"key":"SMITH"},{"floor":49,"key":"RECALL"},{"data":"Ghostly","floor":53,"key":"SMITH"}],"neow_cost":"CURSE","seed_source_timestamp":74881447946000,"circlet_count":0,"master_deck":["AscendersBane","Dualcast","Double Energy+1","Consume+1","Darkness+1","Loop+1","Cold Snap","Undo","Cold Snap","Glacier","Electrodynamics","Recycle+1","Turbo+1","Multi-Cast+1","Loop+1","Ghostly+1","Ghostly+1","Ghostly","Chill+1","Defragment+1","Defragment+1","Echo Form","Coolheaded+1","Self Repair","Hologram","Coolheaded","Glacier+1","Recycle+1"],"special_seed":0,"relics":["Cracked Core","PreservedInsect","Orichalcum","Turnip","Astrolabe","Enchiridion","Girya","Cursed Key","Incense Burner","Old Coin","Strange Spoon","Emotion Chip","DataDisk"],"potions_floor_usage":[38,45,56],"damage_taken":[{"damage":2.0,"enemies":"Jaw Worm","floor":1.0,"turns":3.0},{"damage":6.0,"enemies":"Cultist","floor":2.0,"turns":3.0},{"damage":4.0,"enemies":"2 Louse","floor":5.0,"turns":3.0},{"damage":15.0,"enemies":"Lagavulin","floor":8.0,"turns":5.0},{"damage":0.0,"enemies":"Looter","floor":10.0,"turns":3.0},{"damage":12.0,"enemies":"Large Slime","floor":11.0,"turns":4.0},{"damage":5.0,"enemies":"Gremlin Nob","floor":14.0,"turns":3.0},{"damage":10.0,"enemies":"The Guardian","floor":16.0,"turns":9.0},{"damage":17.0,"enemies":"2 Thieves","floor":18.0,"turns":4.0},{"damage":5.0,"enemies":"3 Byrds","floor":20.0,"turns":4.0},{"damage":4.0,"enemies":"Centurion and Healer","floor":21.0,"turns":5.0},{"damage":0.0,"enemies":"Shelled Parasite and Fungi","floor":27.0,"turns":5.0},{"damage":15.0,"enemies":"Slavers","floor":31.0,"turns":4.0},{"damage":5,"enemies":"Collector","floor":33,"turns":8},{"damage":0,"enemies":"3 Darklings","floor":35,"turns":5},{"damage":0,"enemies":"Orb Walker","floor":37,"turns":3},{"damage":0,"enemies":"Spire Growth","floor":38,"turns":5},{"damage":4,"enemies":"Giant Head","floor":41,"turns":10},{"damage":0,"enemies":"Maw","floor":42,"turns":7},{"damage":1,"enemies":"Transient","floor":45,"turns":6},{"damage":6,"enemies":"Nemesis","floor":48,"turns":9},{"damage":0,"enemies":"Donu and Deca","floor":50,"turns":12},{"damage":21,"enemies":"Time Eater","floor":51,"turns":17},{"damage":0,"enemies":"Shield and Spear","floor":55,"turns":8},{"damage":11,"enemies":"The Heart","floor":56,"turns":17}],"seed_played":"-3206730447608662607","potions_obtained":[{"floor":2.0,"key":"Weak Potion"},{"floor":8.0,"key":"Regen Potion"},{"floor":14.0,"key":"FairyPotion"},{"floor":16.0,"key":"Ancient Potion"},{"floor":38,"key":"Strength Potion"},{"floor":42,"key":"GamblersBrew"},{"floor":48,"key":"AttackPotion"},{"floor":55,"key":"Ancient Potion"}],"is_trial":false,"path_per_floor":["M","M","?","?","M","R","$","E","T","M","M","R","?","E","R","B",null,"M","?","M","M","?","R","?","$","T","M","?","R","$","E","R","B",null,"M","?","M","M","$","R","E","M","T","R","M","$","?","E","R","B","B",null,"R","$","E","B",null],"character_chosen":"DEFECT","items_purchased":["Loop","Cold Snap","Defragment","Self Repair","Strange Spoon"],"campfire_rested":1,"item_purchase_floors":[7,7,30,39,46],"current_hp_per_floor":[62,56,56,56,52,52,52,37,37,37,25,25,25,29,29,19,58,41,41,36,32,11,32,32,32,32,32,25,25,25,10,10,5,31,31,31,31,31,31,31,40,40,40,40,40,37,47,47,47,47,33,44,44,44,47,43],"gold":87,"neow_bonus":"TRANSFORM_TWO_CARDS","is_prod":false,"is_daily":false,"chose_seed":false,"campfire_upgraded":8,"win_rate":0,"timestamp":1561645641,"path_taken":["M","M","?","?","?","R","$","E","T","M","M","R","?","E","R","BOSS","M","?","M","M","?","R","?","?","T","M","?","R","?","E","R","BOSS","M","?","M","?","$","R","E","M","T","R","M","$","?","E","R","BOSS","BOSS","R","$","E","BOSS"],"build_version":"2019-01-23","purchased_purges":5,"victory":true,"max_hp_per_floor":[71,71,71,71,71,71,71,71,71,71,71,71,71,71,71,71,71,71,71,71,71,71,71,35,35,35,35,40,40,40,40,40,40,40,40,40,40,40,40,40,40,40,40,40,40,37,47,47,47,47,47,47,47,47,47,47],"card_choices":[{"not_picked":["Coolheaded","Hello World"],"picked":"Consume","floor":1.0},{"not_picked":["Lockon","Chaos"],"picked":"Darkness","floor":2.0},{"not_picked":["Rebound","Hologram","Leap"],"picked":"SKIP","floor":5.0},{"not_picked":["Go for the Eyes","Turbo"],"picked":"Undo","floor":8.0},{"not_picked":["Redo","Streamline","Stack"],"picked":"SKIP","floor":10.0},{"not_picked":["Redo","Stack"],"picked":"Cold Snap","floor":11.0},{"not_picked":["Fission","Conserve Battery"],"picked":"Glacier","floor":14.0},{"not_picked":["Rainbow","Thunder Strike"],"picked":"Electrodynamics","floor":16.0},{"not_picked":["Compile Driver","Ball Lightning","Turbo"],"picked":"SKIP","floor":18.0},{"not_picked":["Conserve Battery","Sweeping Beam"],"picked":"Biased Cognition","floor":20.0},{"not_picked":["Cold Snap+1","Darkness"],"picked":"Loop+1","floor":21.0},{"not_picked":["Undo","Cold Snap"],"picked":"Chill","floor":27.0},{"not_picked":["Streamline","Reinforced Body"],"picked":"Defragment","floor":31.0},{"not_picked":["Fission","Creative AI"],"picked":"Echo Form","floor":33},{"not_picked":["Conserve Battery","Streamline","Tempest"],"picked":"SKIP","floor":35},{"not_picked":["Steam","Melter"],"picked":"Coolheaded+1","floor":37},{"not_picked":["Lockon","Barrage","Sweeping Beam"],"picked":"SKIP","floor":38},{"not_picked":["Storm","Turbo","Double Energy"],"picked":"SKIP","floor":41},{"not_picked":["Electrodynamics","Double Energy"],"picked":"Hologram","floor":42},{"not_picked":["Rebound","Sunder"],"picked":"Coolheaded","floor":45},{"not_picked":["Reprogram","Amplify"],"picked":"Glacier+1","floor":48},{"not_picked":["Reprogram","Tempest+1"],"picked":"Recycle+1","floor":55}],"player_experience":847095,"relics_obtained":[{"floor":8.0,"key":"PreservedInsect"},{"floor":9.0,"key":"Orichalcum"},{"floor":14.0,"key":"Turnip"},{"floor":22.0,"key":"Enchiridion"},{"floor":31.0,"key":"Girya"},{"floor":41,"key":"Incense Burner"},{"floor":43,"key":"Old Coin"},{"floor":48,"key":"Emotion Chip"},{"floor":55,"key":"DataDisk"}],"event_choices":[{"cards_removed":["Decay"],"damage_healed":0.0,"max_hp_gain":0.0,"max_hp_loss":0.0,"gold_gain":0.0,"event_name":"Living Wall","player_choice":"Forget","floor":3.0,"gold_loss":0.0,"damage_taken":0.0},{"damage_healed":0.0,"max_hp_gain":0.0,"max_hp_loss":0.0,"gold_gain":0.0,"event_name":"Upgrade Shrine","player_choice":"Upgraded","floor":4.0,"gold_loss":0.0,"damage_taken":0.0,"cards_upgraded":["Consume"]},{"cards_removed":["Strike_B"],"damage_healed":0.0,"max_hp_gain":0.0,"max_hp_loss":0.0,"gold_gain":0.0,"event_name":"The Cleric","player_choice":"Card Removal","floor":13.0,"gold_loss":75.0,"damage_taken":0.0},{"cards_removed":["Defend_B"],"damage_healed":0.0,"max_hp_gain":0.0,"max_hp_loss":0.0,"gold_gain":0.0,"event_name":"Beggar","player_choice":"Gave Gold","floor":19.0,"gold_loss":75.0,"damage_taken":0.0},{"damage_healed":0.0,"max_hp_gain":0.0,"max_hp_loss":0.0,"gold_gain":0.0,"event_name":"Cursed Tome","player_choice":"Obtained Book","floor":22.0,"gold_loss":0.0,"damage_taken":21.0},{"damage_healed":0.0,"max_hp_gain":0.0,"max_hp_loss":36.0,"gold_gain":0.0,"event_name":"Ghosts","player_choice":"Became a Ghost","floor":24.0,"gold_loss":0.0,"damage_taken":0.0,"cards_obtained":["Ghostly","Ghostly","Ghostly"]},{"damage_healed":0.0,"max_hp_gain":5.0,"max_hp_loss":0.0,"gold_gain":0.0,"event_name":"Forgotten Altar","player_choice":"Shed Blood","floor":28.0,"gold_loss":0.0,"damage_taken":12.0},{"damage_healed":0,"gold_gain":275,"player_choice":"Desecrate","damage_taken":0,"max_hp_gain":0,"max_hp_loss":0,"event_name":"Golden Shrine","floor":36,"gold_loss":0,"cards_obtained":["Regret"]},{"cards_removed":["Biased Cognition"],"damage_healed":0,"gold_gain":0,"player_choice":"Offered Rare","damage_taken":0,"max_hp_gain":10,"max_hp_loss":0,"event_name":"Bonfire Elementals","floor":47,"gold_loss":0}],"is_beta":false,"boss_relics":[{"not_picked":["Black Star","Tiny House"],"picked":"Astrolabe"},{"not_picked":["FrozenCore","Calling Bell"],"picked":"Cursed Key"}],"items_purged_floors":[25,30,39,46,54],"is_endless":false,"potions_floor_spawned":[2,8,14,16,20,38,42,48,55],"ascension_level":20}