{"gold_per_floor":[368,386,386,356,150,150,186,210,280,311,271,85,121,135,135,231,231,252,252,268,268,58,72,107,107,107,107,125,166,166,166],"floor_reached":31,"playtime":835,"items_purged":["Regret","Strike_R"],"score":562,"play_id":"8be62eee-760e-4add-819a-af82181203fb","local_time":"20190611202322","is_ascension_mode":true,"campfire_choices":[{"data":"Hemokinesis","floor":6.0,"key":"SMITH"},{"data":"Immolate","floor":15,"key":"SMITH"},{"floor":25,"key":"REST"},{"floor":27,"key":"REST"},{"floor":30,"key":"REST"}],"neow_cost":"CURSE","seed_source_timestamp":282361579085500,"circlet_count":0,"master_deck":["AscendersBane","Strike_R+1","Strike_R+1","Strike_R+1","Strike_R+1","Defend_R+1","Defend_R+1","Defend_R+1","Defend_R+1","Bash","Entrench","Evolve","Hemokinesis+1","Rampage","Pommel Strike","Juggernaut","Sword Boomerang","Immolate+1","Ghostly Armor","Impervious","Armaments","Jack Of All Trades+1","Cloak And Dagger+1"],"special_seed":0,"relics":["Burning Blood","Golden Idol","Bronze Scales","Shuriken","Odd Mushroom","Runic Dome","CultistMask","PrismaticShard","Gremlin Horn","Omamori","PreservedInsect"],"potions_floor_usage":[29,29],"damage_taken":[{"damage":11.0,"enemies":"2 Louse","floor":1.0,"turns":4.0},{"damage":9.0,"enemies":"Small Slimes","floor":2.0,"turns":4.0},{"damage":17.0,"enemies":"3 Sentries","floor":7.0,"turns":7.0},{"damage":3.0,"enemies":"Cultist","floor":8.0,"turns":3.0},{"damage":10.0,"enemies":"Gremlin Nob","floor":10.0,"turns":3.0},{"damage":7,"enemies":"Looter","floor":11,"turns":4},{"damage":7,"enemies":"The Mushroom Lair","floor":13,"turns":2},{"damage":0,"enemies":"2 Fungi Beasts","floor":14,"turns":2},{"damage":16,"enemies":"Slime Boss","floor":16,"turns":7},{"damage":12,"enemies":"Chosen","floor":18,"turns":3},{"damage":10,"enemies":"2 Thieves","floor":20,"turns":4},{"damage":20,"enemies":"Snecko","floor":23,"turns":6},{"damage":36,"enemies":"Slavers","floor":24,"turns":4},{"damage":33,"enemies":"Centurion and Healer","floor":28,"turns":5},{"damage":15,"enemies":"Book of Stabbing","floor":29,"turns":4},{"damage":35,"enemies":"Snake Plant","floor":31,"turns":3}],"seed_played":"-5669627995614480445","potions_obtained":[{"floor":1.0,"key":"SteroidPotion"},{"floor":4.0,"key":"AttackPotion"},{"floor":7.0,"key":"Energy Potion"},{"floor":20,"key":"Dexterity Potion"},{"floor":23,"key":"SpeedPotion"}],"is_trial":false,"path_per_floor":["M","M","?","?","$","R","E","M","T","E","M","$","?","M","R","B",null,"M","?","M","?","$","M","E","R","T","R","M","E","R","M"],"character_chosen":"IRONCLAD","items_purchased":["Evolve","Hemokinesis","Immolate","PrismaticShard"],"campfire_rested":3,"item_purchase_floors":[5,5,12,22],"current_hp_per_floor":[63,60,60,60,60,60,49,52,52,48,47,47,46,52,52,42,62,56,56,52,52,52,38,8,28,28,48,21,12,32,0],"gold":166,"neow_bonus":"TWO_FIFTY_GOLD","is_prod":false,"is_daily":false,"chose_seed":false,"campfire_upgraded":2,"win_rate":0,"timestamp":1560252202,"path_taken":["M","M","?","?","$","R","E","M","T","E","?","$","?","M","R","BOSS","M","?","M","?","$","M","E","R","T","R","M","E","R","M"],"build_version":"2019-01-23","purchased_purges":2,"victory":false,"max_hp_per_floor":[75,75,68,68,68,68,68,68,68,68,68,68,68,68,68,68,68,68,68,68,68,68,68,68,68,68,68,68,68,68,68],"card_choices":[{"not_picked":["Power Through","Clothesline"],"picked":"Entrench","floor":1.0},{"not_picked":["Combust","Flex","Thunderclap"],"picked":"SKIP","floor":2.0},{"not_picked":["Anger","Dropkick"],"picked":"Rampage","floor":7.0},{"not_picked":["Thunderclap","Armaments"],"picked":"Pommel Strike","floor":8.0},{"not_picked":["Second Wind","Seeing Red"],"picked":"Juggernaut","floor":10},{"not_picked":["Pommel Strike","Disarm"],"picked":"Sword Boomerang","floor":11},{"not_picked":["Ghostly Armor","Havoc","Twin Strike"],"picked":"SKIP","floor":14},{"not_picked":["Havoc","Twin Strike"],"picked":"Ghostly Armor","floor":14},{"not_picked":["Fiend Fire","Reaper"],"picked":"Impervious","floor":16},{"not_picked":["Shrug It Off","Body Slam"],"picked":"Armaments","floor":18},{"not_picked":["Heavy Blade","Cleave","Blood for Blood"],"picked":"SKIP","floor":20},{"not_picked":["Lockon","Redo","Accuracy"],"picked":"SKIP","floor":23},{"not_picked":["Compile Driver","Catalyst"],"picked":"Jack Of All Trades+1","floor":24},{"not_picked":["Battle Trance","Fire Breathing"],"picked":"Cloak And Dagger+1","floor":28},{"not_picked":["Sweeping Beam","Sword Boomerang","Sucker Punch"],"picked":"SKIP","floor":29}],"player_experience":584017,"relics_obtained":[{"floor":7.0,"key":"Bronze Scales"},{"floor":9.0,"key":"Shuriken"},{"floor":13,"key":"Odd Mushroom"},{"floor":24,"key":"Gremlin Horn"},{"floor":26,"key":"Omamori"},{"floor":29,"key":"PreservedInsect"}],"event_choices":[{"damage_healed":0.0,"max_hp_gain":0.0,"max_hp_loss":7.0,"gold_gain":0.0,"event_name":"Golden Idol","player_choice":"Lose Max HP","floor":3.0,"gold_loss":0.0,"damage_taken":0.0,"relics_obtained":["Golden Idol"]},{"damage_healed":0.0,"max_hp_gain":0.0,"max_hp_loss":0.0,"gold_gain":0.0,"event_name":"The Woman in Blue","player_choice":"Bought 2 Potions","floor":4.0,"gold_loss":0.0,"damage_taken":0.0},{"damage_healed":0,"gold_gain":0,"player_choice":"Fought Mushrooms","damage_taken":0,"max_hp_gain":0,"max_hp_loss":0,"event_name":"Mushrooms","floor":13,"gold_loss":0},{"damage_healed":0,"gold_gain":0,"player_choice":"Simplicity","damage_taken":0,"max_hp_gain":0,"max_hp_loss":0,"event_name":"Back to Basics","floor":19,"gold_loss":0,"cards_upgraded":["Strike_R","Strike_R","Strike_R","Strike_R","Defend_R","Defend_R","Defend_R","Defend_R"]},{"damage_healed":0,"gold_gain":0,"player_choice":"Trade","damage_taken":0,"relics_obtained":["CultistMask"],"max_hp_gain":0,"max_hp_loss":0,"event_name":"FaceTrader","floor":21,"gold_loss":0}],"is_beta":false,"boss_relics":[{"not_picked":["Fusion Hammer","Pandora\u0027s Box"],"picked":"Runic Dome"}],"items_purged_floors":[5,12],"is_endless":false,"potions_floor_spawned":[1,7,8,20,23],"killed_by":"Snake Plant","ascension_level":20}