{"gold_per_floor":[117,131,131,181,192,192,225,236,236,246,246,277,16,28,28,105,105,122,148,148,63,82,82,108,122,122,148,148,21,21,55,55,133,133,143,143,163,385,56,56,91,91,114,114,114,133,144,171,171,171,171,171,171,3,37,37],"floor_reached":57,"playtime":1867,"items_purged":["Strike_R","Strike_R"],"score":2952,"play_id":"097fb27b-9182-4b33-959b-2fb785266a3e","local_time":"20190625150504","is_ascension_mode":true,"campfire_choices":[{"data":"Carnage","floor":6.0,"key":"SMITH"},{"data":"Limit Break","floor":11.0,"key":"SMITH"},{"data":"True Grit","floor":15.0,"key":"SMITH"},{"floor":23.0,"key":"REST"},{"floor":28.0,"key":"REST"},{"data":"Armaments","floor":30.0,"key":"SMITH"},{"data":"Shockwave","floor":32.0,"key":"SMITH"},{"data":"Barricade","floor":40.0,"key":"SMITH"},{"data":"Corruption","floor":42.0,"key":"SMITH"},{"data":"Feel No Pain","floor":45.0,"key":"SMITH"},{"floor":49,"key":"RECALL"},{"data":"Body Slam","floor":53,"key":"SMITH"}],"neow_cost":"NONE","seed_source_timestamp":263080853826900,"circlet_count":0,"master_deck":["AscendersBane","Defend_R","Defend_R","Defend_R","Defend_R","True Grit+1","Carnage+1","Spot Weakness","Corruption+1","Limit Break+1","Sword Boomerang","Shockwave+1","Offering","Ghostly Armor","Armaments+1","Body Slam+1","Sentinel","Pommel Strike+1","True Grit+1","Sword Boomerang+1","Burning Pact+1","Barricade+1","Iron Wave+1","Fire Breathing+1","Whirlwind+1","Flex+1","Feel No Pain+1","Evolve","Armaments+1","Limit Break+1","Offering+1","Inflame","Disarm+1","Havoc+1","Dual Wield+1"],"special_seed":0,"relics":["Burning Blood","NeowsBlessing","WingedGreaves","Unceasing Top","Membership Card","Runic Dome","Red Mask","Molten Egg 2","Dodecahedron","Toxic Egg 2","The Courier","PreservedInsect","Dream Catcher","Astrolabe","Art of War","Anchor","Bag of Marbles","Frozen Egg 2","Orichalcum","Self Forming Clay","Shuriken"],"potions_floor_usage":[56,56],"damage_taken":[{"damage":0.0,"enemies":"Small Slimes","floor":1.0,"turns":1.0},{"damage":0.0,"enemies":"Cultist","floor":2.0,"turns":1.0},{"damage":0.0,"enemies":"Jaw Worm","floor":5.0,"turns":1.0},{"damage":23.0,"enemies":"Lagavulin","floor":7.0,"turns":6.0},{"damage":16.0,"enemies":"Large Slime","floor":8.0,"turns":6.0},{"damage":8.0,"enemies":"Blue Slaver","floor":10.0,"turns":3.0},{"damage":8.0,"enemies":"Gremlin Nob","floor":12.0,"turns":3.0},{"damage":5.0,"enemies":"Looter","floor":14.0,"turns":3.0},{"damage":22.0,"enemies":"The Guardian","floor":16.0,"turns":10.0},{"damage":17.0,"enemies":"2 Thieves","floor":18.0,"turns":3.0},{"damage":25.0,"enemies":"Masked Bandits","floor":19.0,"turns":4.0},{"damage":6.0,"enemies":"Chosen","floor":22.0,"turns":2.0},{"damage":34.0,"enemies":"Slavers","floor":24.0,"turns":3.0},{"damage":6.0,"enemies":"Snecko","floor":25.0,"turns":4.0},{"damage":22.0,"enemies":"Book of Stabbing","floor":27.0,"turns":3.0},{"damage":6.0,"enemies":"Slavers","floor":31.0,"turns":3.0},{"damage":36.0,"enemies":"Collector","floor":33.0,"turns":7.0},{"damage":34.0,"enemies":"3 Darklings","floor":35.0,"turns":3.0},{"damage":6.0,"enemies":"3 Shapes","floor":37.0,"turns":4.0},{"damage":12.0,"enemies":"Giant Head","floor":41.0,"turns":3.0},{"damage":12,"enemies":"Writhing Mass","floor":46,"turns":4},{"damage":31,"enemies":"Transient","floor":47,"turns":4},{"damage":12,"enemies":"Nemesis","floor":48,"turns":3},{"damage":37,"enemies":"Donu and Deca","floor":50,"turns":5},{"damage":25,"enemies":"Time Eater","floor":51,"turns":5},{"damage":46,"enemies":"Shield and Spear","floor":55,"turns":6},{"damage":30,"enemies":"The Heart","floor":56,"turns":7}],"seed_played":"-8086565086799718407","potions_obtained":[{"floor":2.0,"key":"Dexterity Potion"},{"floor":5.0,"key":"Swift Potion"},{"floor":10.0,"key":"PowerPotion"},{"floor":14.0,"key":"Energy Potion"},{"floor":16.0,"key":"PowerPotion"},{"floor":25.0,"key":"Energy Potion"},{"floor":35.0,"key":"SkillPotion"}],"is_trial":false,"path_per_floor":["M","M","?","?","M","R","E","M","T","M","R","E","$","M","R","B",null,"M","?","?","?","M","R","E","M","T","E","R","$","R","E","R","B",null,"M","?","M","?","$","R","E","R","T","?","R","M","M","E","R","B","B",null,"R","$","E","B",null],"character_chosen":"IRONCLAD","items_purchased":["Membership Card","PreservedInsect","Sword Boomerang+1","Feel No Pain","Evolve","Armaments+1","Limit Break+1","Offering+1","Art of War","Anchor","Orichalcum","Self Forming Clay"],"campfire_rested":2,"item_purchase_floors":[13,29,29,39,39,39,39,39,39,39,54,54],"current_hp_per_floor":[74,75,75,68,74,74,57,47,47,45,45,43,43,44,44,28,63,52,33,33,33,33,55,31,35,35,19,43,43,43,47,47,17,70,42,42,46,46,46,46,44,44,44,105,105,99,74,68,68,37,18,83,83,83,43,19],"gold":37,"neow_bonus":"THREE_ENEMY_KILL","is_prod":false,"is_daily":false,"chose_seed":false,"campfire_upgraded":9,"win_rate":0,"timestamp":1561442704,"path_taken":["M","M","?","?","M","R","E","M","T","?","R","E","$","M","R","BOSS","M","?","?","?","M","R","E","M","T","E","R","$","R","E","R","BOSS","M","?","M","?","$","R","E","R","T","?","R","M","?","E","R","BOSS","BOSS","R","$","E","BOSS"],"build_version":"2019-01-23","purchased_purges":2,"victory":true,"max_hp_per_floor":[75,75,75,75,75,75,75,75,75,75,75,75,75,75,75,75,75,75,75,75,75,75,75,79,83,83,83,83,83,83,87,87,87,87,87,87,91,91,91,91,95,95,95,105,105,105,105,105,105,105,105,105,105,105,105,105],"card_choices":[{"not_picked":["Iron Wave","Ghostly Armor"],"picked":"True Grit","floor":1.0},{"not_picked":["Flex","Cleave"],"picked":"Carnage","floor":2.0},{"not_picked":["True Grit","Clothesline"],"picked":"Corruption","floor":5.0},{"not_picked":["Rage","Twin Strike"],"picked":"Limit Break","floor":7.0},{"not_picked":["Combust","Perfected Strike","Anger"],"picked":"SKIP","floor":8.0},{"not_picked":["Havoc","Thunderclap","Flex"],"picked":"SKIP","floor":10.0},{"not_picked":["Intimidate","Perfected Strike"],"picked":"Sword Boomerang","floor":12.0},{"not_picked":["Flex","Clothesline"],"picked":"Shockwave","floor":14.0},{"not_picked":["Bludgeon","Demon Form"],"picked":"Offering","floor":16.0},{"not_picked":["Clothesline","Warcry"],"picked":"Ghostly Armor","floor":18.0},{"not_picked":["Combust","Headbutt"],"picked":"Armaments","floor":19.0},{"not_picked":["Thunderclap+1","True Grit"],"picked":"Feed+1","floor":22.0},{"not_picked":["Spot Weakness","Havoc"],"picked":"Sentinel","floor":24.0},{"not_picked":["Intimidate","Iron Wave+1"],"picked":"Pommel Strike+1","floor":25.0},{"not_picked":["Body Slam+1","Cleave+1"],"picked":"True Grit+1","floor":27.0},{"not_picked":["Anger+1","Havoc+1"],"picked":"Burning Pact+1","floor":31.0},{"not_picked":["Offering+1","Impervious+1"],"picked":"Barricade","floor":33.0},{"not_picked":["Uppercut+1","Pommel Strike+1"],"picked":"Flex+1","floor":35.0},{"not_picked":["Perfected Strike+1","Blood for Blood+1","Fire Breathing+1"],"picked":"SKIP","floor":37.0},{"not_picked":["Body Slam+1","Wild Strike+1"],"picked":"Inflame","floor":41.0},{"not_picked":["Inflame","Anger+1"],"picked":"Disarm+1","floor":46},{"not_picked":["Heavy Blade+1","Thunderclap+1"],"picked":"Havoc+1","floor":47},{"not_picked":["Pommel Strike+1","Clothesline+1","Rupture"],"picked":"SKIP","floor":48},{"not_picked":["Armaments+1","Anger+1"],"picked":"Dual Wield+1","floor":55}],"player_experience":797270,"relics_obtained":[{"floor":9.0,"key":"WingedGreaves"},{"floor":12.0,"key":"Unceasing Top"},{"floor":19.0,"key":"Red Mask"},{"floor":24.0,"key":"Dodecahedron"},{"floor":26.0,"key":"Toxic Egg 2"},{"floor":27.0,"key":"The Courier"},{"floor":31.0,"key":"Dream Catcher"},{"floor":41.0,"key":"Bag of Marbles"},{"floor":48,"key":"Frozen Egg 2"},{"floor":55,"key":"Shuriken"}],"event_choices":[{"damage_healed":0.0,"max_hp_gain":0.0,"max_hp_loss":0.0,"gold_gain":0.0,"cards_transformed":["Strike_R"],"event_name":"Living Wall","player_choice":"Change","floor":3.0,"gold_loss":0.0,"damage_taken":0.0,"cards_obtained":["Spot Weakness"]},{"damage_healed":0.0,"max_hp_gain":0.0,"max_hp_loss":0.0,"gold_gain":50.0,"event_name":"FaceTrader","player_choice":"Touch","floor":4.0,"gold_loss":0.0,"damage_taken":7.0},{"damage_healed":0.0,"max_hp_gain":0.0,"max_hp_loss":0.0,"gold_gain":0.0,"event_name":"Masked Bandits","player_choice":"Fought Bandits","floor":19.0,"gold_loss":0.0,"damage_taken":0.0},{"damage_healed":0.0,"max_hp_gain":0.0,"max_hp_loss":0.0,"gold_gain":0.0,"event_name":"The Library","player_choice":"Read","floor":20.0,"gold_loss":0.0,"damage_taken":0.0,"cards_obtained":["Body Slam"]},{"damage_healed":0.0,"max_hp_gain":0.0,"max_hp_loss":0.0,"gold_gain":0.0,"event_name":"Addict","player_choice":"Obtained Relic","floor":21.0,"gold_loss":85.0,"damage_taken":0.0,"relics_obtained":["Molten Egg 2"]},{"damage_healed":0.0,"max_hp_gain":0.0,"max_hp_loss":0.0,"gold_gain":0.0,"event_name":"Mysterious Sphere","player_choice":"Ignored","floor":36.0,"gold_loss":0.0,"damage_taken":0.0},{"damage_healed":0.0,"max_hp_gain":0.0,"max_hp_loss":0.0,"gold_gain":222.0,"event_name":"Tomb of Lord Red Mask","player_choice":"Wore Mask","floor":38.0,"gold_loss":0.0,"damage_taken":0.0},{"cards_removed":["Feed"],"damage_healed":51.0,"max_hp_gain":10.0,"max_hp_loss":0.0,"gold_gain":0.0,"event_name":"Bonfire Elementals","player_choice":"Offered Rare","floor":44.0,"gold_loss":0.0,"damage_taken":0.0}],"is_beta":false,"boss_relics":[{"not_picked":["Empty Cage","Busted Crown"],"picked":"Runic Dome"},{"not_picked":["Mark of Pain","White Beast Statue"],"picked":"Astrolabe"}],"items_purged_floors":[13,29],"is_endless":false,"potions_floor_spawned":[2,5,10,14,16,18,19,25,35,41],"ascension_level":20}