{"gold_per_floor":[115,115,115,132,142,142,177,102,102,102,117,143,11,36,36,111,111,131,131,149,149],"floor_reached":21,"playtime":637,"items_purged":["Defend_B"],"score":544,"play_id":"fc505b5e-f38d-4130-8c05-b97d5ec91677","local_time":"20190623173105","is_ascension_mode":true,"campfire_choices":[{"floor":6.0,"key":"REST"},{"data":"The Bomb","floor":10.0,"key":"SMITH"},{"floor":15,"key":"REST"}],"neow_cost":"TEN_PERCENT_HP_LOSS","seed_source_timestamp":100428758296000,"circlet_count":0,"master_deck":["AscendersBane","Strike_B","Strike_B","Defend_B","Defend_B","Defend_B","Zap","Dualcast","The Bomb+1","Trip","Turbo","Glacier","Conserve Battery","White Noise","Ball Lightning","Machine Learning","Static Discharge","Consume"],"special_seed":0,"relics":["Cracked Core","Kunai","Bird Faced Urn","Orichalcum","Oddly Smooth Stone","Inserter","Matryoshka"],"potions_floor_usage":[14,16,16],"damage_taken":[{"damage":1.0,"enemies":"Cultist","floor":1.0,"turns":3.0},{"damage":0.0,"enemies":"Small Slimes","floor":4.0,"turns":3.0},{"damage":4.0,"enemies":"2 Louse","floor":5.0,"turns":3.0},{"damage":3.0,"enemies":"3 Sentries","floor":7.0,"turns":4.0},{"damage":5.0,"enemies":"Large Slime","floor":11.0,"turns":5.0},{"damage":29.0,"enemies":"Gremlin Nob","floor":12.0,"turns":6.0},{"damage":0,"enemies":"Lagavulin","floor":14,"turns":5},{"damage":0,"enemies":"Slime Boss","floor":16,"turns":3},{"damage":15,"enemies":"3 Byrds","floor":18,"turns":4},{"damage":31,"enemies":"Chosen","floor":20,"turns":5},{"damage":27,"enemies":"Shelled Parasite and Fungi","floor":21,"turns":2}],"seed_played":"3177490919856330387","potions_obtained":[{"floor":1.0,"key":"Block Potion"},{"floor":11.0,"key":"LiquidBronze"},{"floor":12.0,"key":"Poison Potion"},{"floor":14,"key":"SkillPotion"}],"is_trial":false,"path_per_floor":["M","?","?","M","M","R","E","?","T","R","M","E","$","E","R","B",null,"M","?","M","M"],"character_chosen":"DEFECT","items_purchased":["Fire Potion"],"campfire_rested":2,"item_purchase_floors":[13],"current_hp_per_floor":[63,28,21,21,17,36,33,33,33,33,28,1,1,3,22,24,54,43,43,18,0],"gold":149,"neow_bonus":"RANDOM_COLORLESS_2","is_prod":false,"is_daily":false,"chose_seed":false,"campfire_upgraded":1,"win_rate":0,"timestamp":1561278665,"path_taken":["M","?","?","M","M","R","E","?","T","R","M","E","$","E","R","BOSS","M","?","?","?"],"build_version":"2019-01-23","purchased_purges":1,"victory":false,"max_hp_per_floor":[64,64,64,64,64,64,64,64,64,64,64,64,64,64,64,64,64,64,64,64,64],"card_choices":[{"not_picked":["Hologram","Sweeping Beam","Barrage"],"picked":"SKIP","floor":1.0},{"not_picked":["Compile Driver","Static Discharge"],"picked":"Turbo","floor":4.0},{"not_picked":["Beam Cell","Creative AI"],"picked":"Glacier","floor":5.0},{"not_picked":["Rebound","Beam Cell"],"picked":"Conserve Battery","floor":7.0},{"not_picked":["Hologram","Stack"],"picked":"White Noise","floor":11.0},{"not_picked":["Leap","Blizzard"],"picked":"Ball Lightning","floor":12.0},{"not_picked":["Sweeping Beam","Gash","Conserve Battery"],"picked":"SKIP","floor":14},{"not_picked":["Amplify","Multi-Cast"],"picked":"Machine Learning","floor":16},{"not_picked":["Doom and Gloom","Turbo"],"picked":"Static Discharge","floor":18},{"not_picked":["Compile Driver","Sunder+1"],"picked":"Consume","floor":20}],"player_experience":768583,"relics_obtained":[{"floor":7.0,"key":"Bird Faced Urn"},{"floor":9.0,"key":"Orichalcum"},{"floor":12.0,"key":"Oddly Smooth Stone"},{"floor":19,"key":"Matryoshka"}],"event_choices":[{"damage_healed":0.0,"max_hp_gain":0.0,"max_hp_loss":0.0,"gold_gain":0.0,"event_name":"Scrap Ooze","player_choice":"Success","floor":2.0,"gold_loss":0.0,"damage_taken":35.0,"relics_obtained":["Kunai"]},{"cards_removed":["Strike_B"],"damage_healed":0.0,"max_hp_gain":0.0,"max_hp_loss":0.0,"gold_gain":0.0,"event_name":"Golden Wing","player_choice":"Card Removal","floor":3.0,"gold_loss":0.0,"damage_taken":7.0},{"cards_removed":["Strike_B"],"damage_healed":0.0,"max_hp_gain":0.0,"max_hp_loss":0.0,"gold_gain":0.0,"event_name":"The Cleric","player_choice":"Card Removal","floor":8.0,"gold_loss":75.0,"damage_taken":0.0},{"damage_healed":0,"gold_gain":0,"player_choice":"Relic","damage_taken":0,"max_hp_gain":0,"max_hp_loss":0,"event_name":"Wheel of Change","floor":19,"gold_loss":0}],"is_beta":false,"boss_relics":[{"not_picked":["Tiny House","Runic Pyramid"],"picked":"Inserter"}],"items_purged_floors":[13],"is_endless":false,"potions_floor_spawned":[1,11,12,14],"killed_by":"Shelled Parasite and Fungi","ascension_level":20}