{"gold_per_floor":[114,189,189,189,189,189,218,218,218,218,238,254,270,301,301,376,376,391,115,132,57,72,72,87,87,87,37,37,50,84,109,109,183,183,201,1200,384,404,404,404,404,404,404,144,144,154,182,199,199,199,199,199,199,10,44,44],"floor_reached":57,"playtime":2311,"items_purged":["Normality","Havoc"],"score":2787,"play_id":"67ef7d42-8ee7-422b-a494-ced24bf3a9b0","local_time":"20190704200236","is_ascension_mode":true,"campfire_choices":[{"data":"Armaments","floor":6.0,"key":"SMITH"},{"data":"1","floor":8.0,"key":"LIFT"},{"data":"2","floor":10.0,"key":"LIFT"},{"data":"3","floor":15.0,"key":"LIFT"},{"data":"Corruption","floor":23.0,"key":"SMITH"},{"floor":25.0,"key":"REST"},{"data":"Pommel Strike","floor":28.0,"key":"SMITH"},{"data":"Flex","floor":32.0,"key":"PURGE"},{"data":"Normality","floor":40.0,"key":"PURGE"},{"data":"Immolate","floor":42.0,"key":"PURGE"},{"floor":49,"key":"RECALL"},{"data":"Inflame","floor":53,"key":"PURGE"}],"neow_cost":"NONE","seed_source_timestamp":471731329535800,"circlet_count":0,"master_deck":["AscendersBane","Bash","Armaments+1","Pommel Strike+1","Sword Boomerang","Spot Weakness+1","Sentinel","Corruption+1","Rupture","Sentinel","Dropkick+1","Burning Pact+1","True Grit+1","Evolve+1","Reaper","Offering","Discovery","Power Through","Discovery","Flash of Steel","Shrug It Off"],"special_seed":0,"relics":["Burning Blood","NeowsBlessing","Girya","Singing Bowl","Peace Pipe","Pandora\u0027s Box","Meat on the Bone","Pear","Centennial Puzzle","War Paint","Sozu","ClockworkSouvenir","Happy Flower","Membership Card","Regal Pillow","TheAbacus","Incense Burner"],"potions_floor_usage":[],"damage_taken":[{"damage":0.0,"enemies":"Jaw Worm","floor":1.0,"turns":1.0},{"damage":0.0,"enemies":"3 Sentries","floor":7.0,"turns":2.0},{"damage":0.0,"enemies":"Small Slimes","floor":11.0,"turns":2.0},{"damage":2.0,"enemies":"2 Louse","floor":12.0,"turns":2.0},{"damage":5.0,"enemies":"Exordium Thugs","floor":13.0,"turns":4.0},{"damage":15.0,"enemies":"Lagavulin","floor":14.0,"turns":6.0},{"damage":47.0,"enemies":"Slime Boss","floor":16.0,"turns":9.0},{"damage":38.0,"enemies":"Chosen","floor":18.0,"turns":4.0},{"damage":31.0,"enemies":"3 Byrds","floor":20.0,"turns":4.0},{"damage":17.0,"enemies":"Centurion and Healer","floor":22.0,"turns":4.0},{"damage":19.0,"enemies":"Snecko","floor":24.0,"turns":4.0},{"damage":17.0,"enemies":"3 Cultists","floor":29.0,"turns":4.0},{"damage":18.0,"enemies":"Gremlin Leader","floor":30.0,"turns":4.0},{"damage":27.0,"enemies":"Champ","floor":33.0,"turns":5.0},{"damage":11.0,"enemies":"Orb Walker","floor":35.0,"turns":2.0},{"damage":42.0,"enemies":"3 Shapes","floor":38.0,"turns":5.0},{"damage":6,"enemies":"Writhing Mass","floor":46,"turns":2},{"damage":4,"enemies":"Reptomancer","floor":47,"turns":2},{"damage":14,"enemies":"Sphere and 2 Shapes","floor":48,"turns":4},{"damage":128,"enemies":"Awakened One","floor":50,"turns":11},{"damage":25,"enemies":"Donu and Deca","floor":51,"turns":2},{"damage":6,"enemies":"Shield and Spear","floor":55,"turns":4},{"damage":14,"enemies":"The Heart","floor":56,"turns":5}],"seed_played":"-8550270518676575657","potions_obtained":[{"floor":1.0,"key":"Energy Potion"},{"floor":14.0,"key":"Strength Potion"},{"floor":18.0,"key":"GamblersBrew"},{"floor":30.0,"key":"SteroidPotion"}],"is_trial":false,"path_per_floor":["M","?","?","?","?","R","E","R","T","R","M","M","M","E","R","B",null,"M","$","M","?","M","R","M","R","T","?","R","M","E","T","R","B",null,"M","?","$","M","?","R","?","R","T","$","?","M","E","M","R","B","B",null,"R","$","E","B",null],"character_chosen":"IRONCLAD","items_purchased":["Meat on the Bone","Offering","ClockworkSouvenir","Happy Flower","Discovery","Power Through","Membership Card","Flash of Steel","TheAbacus","Shrug It Off"],"campfire_rested":1,"item_purchase_floors":[19,37,37,37,37,37,44,44,54,54],"current_hp_per_floor":[74,63,63,56,56,56,62,62,62,62,68,74,75,66,66,25,64,32,32,19,19,20,20,19,42,52,52,52,55,55,55,55,46,78,91,91,91,77,77,77,71,71,71,71,71,79,101,95,95,88,97,102,102,102,105,105],"gold":44,"neow_bonus":"THREE_ENEMY_KILL","is_prod":false,"is_daily":false,"chose_seed":false,"campfire_upgraded":3,"win_rate":0,"timestamp":1562238156,"path_taken":["M","?","?","?","?","R","E","R","T","R","?","M","?","E","R","BOSS","M","$","M","?","M","R","M","R","T","?","R","?","E","?","R","BOSS","M","?","$","M","?","R","?","R","T","$","?","M","E","?","R","BOSS","BOSS","R","$","E","BOSS"],"build_version":"2019-07-01","purchased_purges":2,"victory":true,"max_hp_per_floor":[75,75,75,75,75,75,75,75,75,75,75,77,77,77,77,77,77,77,77,77,77,77,77,77,77,87,87,87,89,89,89,89,89,89,91,91,91,93,93,93,97,97,97,97,97,99,101,103,103,103,103,103,103,103,105,105],"card_choices":[{"not_picked":["Burning Pact","Flex"],"picked":"Armaments","floor":1.0},{"not_picked":["Havoc","Headbutt"],"picked":"Pommel Strike","floor":7.0},{"not_picked":["Corruption","Twin Strike"],"picked":"Sword Boomerang","floor":11.0},{"not_picked":["Corruption","Hemokinesis","Warcry"],"picked":"Singing Bowl","floor":12.0},{"not_picked":["Rupture","Headbutt"],"picked":"Berserk","floor":13.0},{"not_picked":["Heavy Blade","Cleave"],"picked":"Spot Weakness","floor":14.0},{"not_picked":["Reaper","Dark Embrace"],"picked":"Immolate","floor":16.0},{"not_picked":["Perfected Strike","Pommel Strike"],"picked":"Sentinel","floor":18.0},{"not_picked":["Blood for Blood","Perfected Strike"],"picked":"Dropkick+1","floor":20.0},{"not_picked":["True Grit","Twin Strike"],"picked":"Burning Pact","floor":22.0},{"not_picked":["Body Slam+1","Iron Wave"],"picked":"True Grit+1","floor":24.0},{"not_picked":["Flex","Searing Blow+1","Pummel"],"picked":"Singing Bowl","floor":29.0},{"not_picked":["Seeing Red","Cleave"],"picked":"Evolve+1","floor":30.0},{"not_picked":["Impervious","Exhume"],"picked":"Reaper","floor":33.0},{"not_picked":["Twin Strike+1","Infernal Blade+1","Wild Strike"],"picked":"Singing Bowl","floor":35.0},{"not_picked":["Spot Weakness+1","Perfected Strike","Blood for Blood"],"picked":"Singing Bowl","floor":38.0},{"not_picked":["Swift Strike","Chrysalis"],"picked":"Discovery","floor":41.0},{"not_picked":["Panache","Madness","Impatience"],"picked":"Singing Bowl","floor":41.0},{"not_picked":["Enlightenment","Madness","HandOfGreed"],"picked":"Singing Bowl","floor":41.0},{"not_picked":["Rupture","Warcry","Perfected Strike"],"picked":"Singing Bowl","floor":46},{"not_picked":["Flex","Ghostly Armor","Intimidate"],"picked":"Singing Bowl","floor":47},{"not_picked":["Searing Blow","Rupture","True Grit"],"picked":"Singing Bowl","floor":48},{"not_picked":["Bloodletting","Intimidate","Cleave"],"picked":"Singing Bowl","floor":55}],"player_experience":922132,"relics_obtained":[{"floor":7.0,"key":"Girya"},{"floor":9.0,"key":"Singing Bowl"},{"floor":14.0,"key":"Peace Pipe"},{"floor":26.0,"key":"Pear"},{"floor":30.0,"key":"Centennial Puzzle"},{"floor":31.0,"key":"War Paint"},{"floor":47,"key":"Regal Pillow"},{"floor":55,"key":"Incense Burner"}],"event_choices":[{"damage_healed":0.0,"max_hp_gain":0.0,"max_hp_loss":0.0,"gold_gain":75.0,"event_name":"World of Goop","player_choice":"Gather Gold","floor":2.0,"gold_loss":0.0,"damage_taken":11.0},{"damage_healed":0.0,"max_hp_gain":0.0,"max_hp_loss":0.0,"gold_gain":0.0,"cards_transformed":["Strike_R"],"event_name":"Living Wall","player_choice":"Change","floor":3.0,"gold_loss":0.0,"damage_taken":0.0,"cards_obtained":["Havoc"]},{"cards_removed":["Strike_R"],"damage_healed":0.0,"max_hp_gain":0.0,"max_hp_loss":0.0,"gold_gain":0.0,"event_name":"Golden Wing","player_choice":"Card Removal","floor":4.0,"gold_loss":0.0,"damage_taken":7.0},{"cards_removed":["Strike_R"],"damage_healed":0.0,"max_hp_gain":0.0,"max_hp_loss":0.0,"gold_gain":0.0,"event_name":"Purifier","player_choice":"Purged","floor":5.0,"gold_loss":0.0,"damage_taken":0.0},{"cards_removed":["Blood for Blood"],"damage_healed":0.0,"max_hp_gain":0.0,"max_hp_loss":0.0,"gold_gain":0.0,"event_name":"Beggar","player_choice":"Gave Gold","floor":21.0,"gold_loss":75.0,"damage_taken":0.0},{"damage_healed":0.0,"max_hp_gain":0.0,"max_hp_loss":0.0,"gold_gain":0.0,"event_name":"The Joust","player_choice":"Bet on Murderer","floor":27.0,"gold_loss":50.0,"damage_taken":0.0},{"damage_healed":0.0,"max_hp_gain":0.0,"max_hp_loss":0.0,"gold_gain":999.0,"event_name":"MindBloom","player_choice":"Gold","floor":36.0,"gold_loss":0.0,"damage_taken":0.0,"cards_obtained":["Normality","Normality"]},{"damage_healed":0.0,"max_hp_gain":0.0,"max_hp_loss":0.0,"gold_gain":0.0,"event_name":"Tomb of Lord Red Mask","player_choice":"Ignored","floor":39.0,"gold_loss":0.0,"damage_taken":0.0},{"damage_healed":0.0,"max_hp_gain":0.0,"max_hp_loss":0.0,"gold_gain":0.0,"event_name":"SensoryStone","player_choice":"Memory 3","floor":41.0,"gold_loss":0.0,"damage_taken":10.0},{"cards_removed":["Berserk"],"damage_healed":0,"gold_gain":0,"player_choice":"Removed Power","damage_taken":0,"max_hp_gain":0,"max_hp_loss":0,"event_name":"Falling","floor":45,"gold_loss":0}],"is_beta":false,"boss_relics":[{"not_picked":["Runic Pyramid","Black Star"],"picked":"Pandora\u0027s Box"},{"not_picked":["Black Blood","Snecko Eye"],"picked":"Sozu"}],"items_purged_floors":[37,54],"is_endless":false,"potions_floor_spawned":[1,14,18,20,30,38,48],"ascension_level":20}