{"gold_per_floor":[113,133,133,143,17,17,45,45,45,60,85,85,118,135,135,214,264,281,5,25,52,72,72,98,98,98,123,123,134,151,32,32,107,107,126,136,136,136,150,184,184,204,273,305,17,44,62,73,73,73],"floor_reached":51,"playtime":5019,"items_purged":["Decay"],"score":1784,"play_id":"d98c3bf8-1b38-4382-b04b-7da7140761ef","local_time":"20190517005011","is_ascension_mode":true,"campfire_choices":[{"data":"Neutralize","floor":6,"key":"SMITH"},{"floor":8,"key":"REST"},{"data":"Footwork","floor":15,"key":"SMITH"},{"data":"Well Laid Plans","floor":23,"key":"SMITH"},{"data":"Survivor","floor":25,"key":"SMITH"},{"data":"Flash of Steel","floor":28,"key":"SMITH"},{"data":"Flying Knee","floor":32,"key":"SMITH"},{"data":"Dagger Throw","floor":41,"key":"SMITH"},{"floor":49,"key":"REST"}],"neow_cost":"NONE","seed_source_timestamp":391609651872936,"circlet_count":0,"master_deck":["AscendersBane","Defend_G","Defend_G","Defend_G","Defend_G","Defend_G+1","Strike_G","Strike_G","Strike_G","Strike_G","Survivor+1","Neutralize+1","Injury","Clumsy","Dagger Throw+1","Cloak And Dagger+1","Escape Plan+1","Footwork+1","Night Terror+1","Flying Knee+1","Cloak And Dagger+1","Venomology+1","Well Laid Plans+1","Burst+1","Cloak And Dagger+1","Blade Dance+1","Flash of Steel+1","Blur+1","PiercingWail+1","Terror+1","Accuracy+1","Crippling Poison+1","Calculated Gamble+1","Adrenaline+1","Deadly Poison+1","Blade Dance+1","PiercingWail+1","Blade Dance+1","Blade Dance+1","Escape Plan+1"],"relics":["Calling Bell","Bag of Preparation","Toxic Egg 2","StoneCalendar","Ornamental Fan","Meat on the Bone","Art of War","PreservedInsect","Vajra","Tiny House","Oddly Smooth Stone","Blood Vial","Snake Skull","Blue Candle","Letter Opener","Black Star","Centennial Puzzle","Bag of Marbles","Ancient Tea Set","Bottled Lightning","Mango","Ninja Scroll","Shuriken","Boot","Lantern"],"potions_floor_usage":[7,11,13,14,16,16,18,20,22,24,27,27,29,29,29,30,30,33,33,33,35,35,36,36,39,39,39,39,39,39,40,40,42,44,44,47,50,50,50],"damage_taken":[{"damage":12,"enemies":"Jaw Worm","floor":1,"turns":7},{"damage":0,"enemies":"Cultist","floor":2,"turns":4},{"damage":9,"enemies":"2 Louse","floor":4,"turns":4},{"damage":5,"enemies":"3 Sentries","floor":7,"turns":7},{"damage":7,"enemies":"Exordium Thugs","floor":10,"turns":6},{"damage":35,"enemies":"Gremlin Nob","floor":11,"turns":7},{"damage":7,"enemies":"3 Sentries","floor":13,"turns":7},{"damage":5,"enemies":"Gremlin Gang","floor":14,"turns":5},{"damage":0,"enemies":"Hexaghost","floor":16,"turns":10},{"damage":21,"enemies":"Spheric Guardian","floor":18,"turns":7},{"damage":0,"enemies":"2 Thieves","floor":20,"turns":5},{"damage":29,"enemies":"Centurion and Healer","floor":22,"turns":7},{"damage":12,"enemies":"Slavers","floor":24,"turns":7},{"damage":0,"enemies":"Gremlin Leader","floor":27,"turns":6},{"damage":2,"enemies":"Cultist and Chosen","floor":29,"turns":7},{"damage":1,"enemies":"Chosen and Byrds","floor":30,"turns":7},{"damage":16,"enemies":"Automaton","floor":33,"turns":8},{"damage":0,"enemies":"3 Shapes","floor":35,"turns":6},{"damage":6,"enemies":"Orb Walker","floor":36,"turns":3},{"damage":7,"enemies":"Maw","floor":39,"turns":7},{"damage":0,"enemies":"Nemesis","floor":40,"turns":7},{"damage":22,"enemies":"3 Darklings","floor":42,"turns":5},{"damage":17,"enemies":"Reptomancer","floor":44,"turns":3},{"damage":0,"enemies":"Nemesis","floor":46,"turns":5},{"damage":3,"enemies":"Sphere and 2 Shapes","floor":47,"turns":1},{"damage":10,"enemies":"Spire Growth","floor":48,"turns":3},{"damage":41,"enemies":"Awakened One","floor":50,"turns":7}],"seed_played":"-6549158539153899691","potions_obtained":[{"floor":2,"key":"SpeedPotion"},{"floor":10,"key":"PowerPotion"},{"floor":11,"key":"GamblersBrew"},{"floor":14,"key":"FearPotion"},{"floor":17,"key":"SpeedPotion"},{"floor":29,"key":"AttackPotion"},{"floor":30,"key":"Block Potion"},{"floor":33,"key":"LiquidBronze"},{"floor":35,"key":"Dexterity Potion"},{"floor":36,"key":"FearPotion"},{"floor":46,"key":"FearPotion"}],"is_trial":false,"path_per_floor":["M","M","?","M","$","R","E","R","T","M","E","T","E","M","R","B",null,"M","$","M","T","M","R","E","R","T","E","R","M","M","$","R","B",null,"M","M","?","T","M","E","R","M","T","E","$","E","M","M","R","B",null],"character_chosen":"THE_SILENT","items_purchased":["Footwork","GhostInAJar","Oddly Smooth Stone","Flash of Steel","Calculated Gamble+1","Shuriken"],"campfire_rested":2,"item_purchase_floors":[5,5,19,19,31,45],"current_hp_per_floor":[47,47,47,38,38,38,33,52,52,45,22,22,27,34,34,34,63,42,42,42,42,42,42,44,44,44,46,46,55,56,56,56,42,64,66,62,62,62,57,71,71,49,49,60,60,62,61,53,78,51],"gold":73,"neow_bonus":"BOSS_RELIC","is_prod":false,"is_daily":false,"chose_seed":false,"campfire_upgraded":7,"win_rate":0,"timestamp":1558047011,"path_taken":["M","M","?","M","$","R","E","R","T","M","E","?","E","M","R","BOSS","M","$","?","?","M","R","E","R","T","E","R","M","M","$","R","BOSS","M","M","?","?","M","E","R","M","T","E","$","E","M","?","R","BOSS"],"build_version":"2019-01-23","purchased_purges":1,"victory":true,"max_hp_per_floor":[66,66,66,66,66,66,66,66,66,66,66,66,66,66,66,66,71,71,71,71,71,71,71,71,71,71,71,71,71,71,71,71,71,71,71,71,71,71,71,71,71,71,71,85,85,85,85,85,85,85],"card_choices":[{"not_picked":["Slice","Quick Slash"],"picked":"Dagger Throw","floor":1},{"not_picked":["Poisoned Stab","Dagger Throw"],"picked":"Cloak And Dagger+1","floor":2},{"not_picked":["Endless Agony","Eviscerate"],"picked":"Escape Plan+1","floor":4},{"not_picked":["Masterful Stab","Bane"],"picked":"Night Terror+1","floor":7},{"not_picked":["Sucker Punch","Backflip+1"],"picked":"Flying Knee","floor":10},{"not_picked":["Deadly Poison+1","Dagger Spray"],"picked":"Cloak And Dagger+1","floor":11},{"not_picked":["Deflect+1","Escape Plan+1"],"picked":"Venomology+1","floor":13},{"not_picked":["Slice","Dagger Throw"],"picked":"Well Laid Plans","floor":14},{"not_picked":["Tools of the Trade","Doppelganger+1"],"picked":"Burst+1","floor":16},{"not_picked":["Expertise+1","Endless Agony"],"picked":"Cloak And Dagger+1","floor":17},{"not_picked":["Quick Slash","Sucker Punch"],"picked":"Blade Dance+1","floor":18},{"not_picked":["Quick Slash","Acrobatics+1"],"picked":"Blur+1","floor":20},{"not_picked":["Deadly Poison+1","All Out Attack"],"picked":"PiercingWail+1","floor":22},{"not_picked":["PiercingWail+1","Underhanded Strike"],"picked":"Terror+1","floor":27},{"not_picked":["Acrobatics+1","Underhanded Strike"],"picked":"Accuracy+1","floor":29},{"not_picked":["Calculated Gamble+1","Slice"],"picked":"Crippling Poison+1","floor":30},{"not_picked":["Malaise+1","Corpse Explosion+1"],"picked":"Adrenaline+1","floor":33},{"not_picked":["Cloak And Dagger+1","Leg Sweep+1"],"picked":"Deadly Poison+1","floor":35},{"not_picked":["Infinite Blades","Deadly Poison+1"],"picked":"Blade Dance+1","floor":39},{"not_picked":["Masterful Stab","Distraction+1"],"picked":"PiercingWail+1","floor":44},{"not_picked":["Underhanded Strike","Tools of the Trade"],"picked":"Blade Dance+1","floor":46},{"not_picked":["Cloak And Dagger+1","Quick Slash"],"picked":"Blade Dance+1","floor":47},{"not_picked":["Outmaneuver+1","Prepared+1"],"picked":"Escape Plan+1","floor":48}],"player_experience":908544,"relics_obtained":[{"floor":0,"key":"Bag of Preparation"},{"floor":0,"key":"Toxic Egg 2"},{"floor":0,"key":"StoneCalendar"},{"floor":7,"key":"Ornamental Fan"},{"floor":9,"key":"Meat on the Bone"},{"floor":11,"key":"Art of War"},{"floor":12,"key":"PreservedInsect"},{"floor":13,"key":"Vajra"},{"floor":21,"key":"Blood Vial"},{"floor":24,"key":"Snake Skull"},{"floor":26,"key":"Blue Candle"},{"floor":27,"key":"Letter Opener"},{"floor":38,"key":"Centennial Puzzle"},{"floor":40,"key":"Bag of Marbles"},{"floor":40,"key":"Ancient Tea Set"},{"floor":43,"key":"Bottled Lightning"},{"floor":44,"key":"Mango"},{"floor":44,"key":"Ninja Scroll"},{"floor":46,"key":"Boot"},{"floor":46,"key":"Lantern"}],"event_choices":[{"damage_healed":0,"gold_gain":0,"player_choice":"Ignored","damage_taken":0,"max_hp_gain":0,"max_hp_loss":0,"event_name":"Shining Light","floor":3,"gold_loss":0},{"cards_removed":["Strike_G"],"damage_healed":0,"gold_gain":0,"player_choice":"Removed Attack","damage_taken":0,"max_hp_gain":0,"max_hp_loss":0,"event_name":"Falling","floor":37,"gold_loss":0}],"is_beta":false,"boss_relics":[{"not_picked":["Ectoplasm","WristBlade"],"picked":"Tiny House"},{"not_picked":["Sozu","Orrery"],"picked":"Black Star"}],"items_purged_floors":[31],"is_endless":false,"potions_floor_spawned":[2,10,11,14,22,24,29,30,33,35,36,39,46,48],"ascension_level":17}