{"gold_per_floor":[119,39,50,64,64,64,107,107,132,132,170,194,210,234,234,327,327,340,340,356,149,174,174,214,214,237,152,152,15,58,82,82,82],"floor_reached":33,"playtime":1055,"items_purged":["Strike_R","Strike_R"],"score":690,"play_id":"496ce024-404b-4546-8771-f5bdb11ee077","local_time":"20190611140126","is_ascension_mode":true,"campfire_choices":[{"data":"Bludgeon","floor":6,"key":"SMITH"},{"floor":8,"key":"REST"},{"data":"Bash","floor":10,"key":"SMITH"},{"data":"Carnage","floor":15,"key":"SMITH"},{"data":"Corruption","floor":23,"key":"SMITH"},{"data":"Feel No Pain","floor":25,"key":"SMITH"},{"data":"Feel No Pain","floor":28,"key":"SMITH"},{"data":"Body Slam","floor":32,"key":"SMITH"}],"neow_cost":"TEN_PERCENT_HP_LOSS","seed_source_timestamp":259252487093000,"circlet_count":0,"master_deck":["AscendersBane","Strike_R","Strike_R","Strike_R","Defend_R","Defend_R","Defend_R","Defend_R","Bash+1","Bludgeon+1","Feel No Pain+1","Evolve","Second Wind","Shrug It Off","Power Through","Feel No Pain+1","Carnage+1","Offering","Ghostly","Ghostly","Ghostly","Corruption+1","Entrench","Body Slam+1","Power Through"],"relics":["Burning Blood","Golden Idol","Anchor","Red Skull","Lantern","Busted Crown","Smiling Mask","Vajra","Pantograph","The Courier"],"potions_floor_usage":[16,16,33],"damage_taken":[{"damage":6,"enemies":"Cultist","floor":1,"turns":3},{"damage":7,"enemies":"Small Slimes","floor":3,"turns":3},{"damage":8,"enemies":"2 Louse","floor":4,"turns":2},{"damage":34,"enemies":"Gremlin Nob","floor":7,"turns":4},{"damage":30,"enemies":"Lagavulin","floor":11,"turns":5},{"damage":4,"enemies":"2 Fungi Beasts","floor":12,"turns":4},{"damage":0,"enemies":"Blue Slaver","floor":13,"turns":2},{"damage":0,"enemies":"Looter","floor":14,"turns":3},{"damage":32,"enemies":"Hexaghost","floor":16,"turns":12},{"damage":29,"enemies":"3 Byrds","floor":18,"turns":7},{"damage":1,"enemies":"Shell Parasite","floor":20,"turns":6},{"damage":8,"enemies":"Snecko","floor":22,"turns":7},{"damage":6,"enemies":"Slavers","floor":24,"turns":7},{"damage":21,"enemies":"Gremlin Leader","floor":30,"turns":6},{"damage":12,"enemies":"Cultist and Chosen","floor":31,"turns":5},{"damage":36,"enemies":"Collector","floor":33,"turns":7}],"seed_played":"3521143516623828514","potions_obtained":[{"floor":3,"key":"SmokeBomb"},{"floor":11,"key":"SkillPotion"},{"floor":14,"key":"Regen Potion"},{"floor":16,"key":"Dexterity Potion"},{"floor":18,"key":"Regen Potion"}],"is_trial":false,"path_per_floor":["M","$","M","M","?","R","E","R","T","R","E","M","M","M","R","B",null,"M","?","M","$","M","R","E","R","T","?","R","$","E","M","R","B"],"character_chosen":"IRONCLAD","items_purchased":["Evolve","Corruption","Entrench","Power Through"],"campfire_rested":1,"item_purchase_floors":[2,21,21,29],"current_hp_per_floor":[68,68,67,65,42,42,14,34,34,34,10,12,18,24,24,13,54,31,31,34,34,32,32,32,32,32,32,32,32,17,11,11,0],"gold":82,"neow_bonus":"THREE_RARE_CARDS","is_prod":false,"is_daily":false,"chose_seed":false,"campfire_upgraded":7,"win_rate":0,"timestamp":1560229286,"path_taken":["M","$","M","?","?","R","E","R","T","R","E","M","M","M","R","BOSS","M","?","M","$","M","R","E","R","T","?","R","?","E","M","R","BOSS"],"build_version":"2019-01-23","purchased_purges":2,"victory":false,"max_hp_per_floor":[68,68,68,68,68,68,68,68,68,68,68,68,68,68,68,68,68,68,34,34,34,34,34,34,34,34,34,34,34,34,34,34,34],"card_choices":[{"not_picked":["Dark Embrace","Demon Form"],"picked":"Bludgeon","floor":0},{"not_picked":["Shrug It Off","Sentinel"],"picked":"Feel No Pain","floor":1},{"not_picked":["Thunderclap","Twin Strike","Searing Blow"],"picked":"SKIP","floor":3},{"not_picked":["Iron Wave","Wild Strike"],"picked":"Second Wind","floor":4},{"not_picked":["Armaments","Wild Strike","Flex"],"picked":"SKIP","floor":7},{"not_picked":["Flex","Anger"],"picked":"Shrug It Off","floor":11},{"not_picked":["Pommel Strike","Armaments"],"picked":"Power Through","floor":12},{"not_picked":["Rage","Anger"],"picked":"Feel No Pain","floor":13},{"not_picked":["Twin Strike","Intimidate"],"picked":"Carnage","floor":14},{"not_picked":["Reaper","Berserk"],"picked":"Offering","floor":16},{"not_picked":["Havoc"],"picked":"SKIP","floor":18},{"not_picked":["Sword Boomerang"],"picked":"SKIP","floor":20},{"not_picked":[],"picked":"Body Slam","floor":22},{"not_picked":["Thunderclap"],"picked":"SKIP","floor":24},{"not_picked":["Wild Strike"],"picked":"SKIP","floor":30},{"not_picked":["Wild Strike"],"picked":"SKIP","floor":31}],"player_experience":575465,"relics_obtained":[{"floor":7,"key":"Anchor"},{"floor":9,"key":"Red Skull"},{"floor":11,"key":"Lantern"},{"floor":24,"key":"Smiling Mask"},{"floor":26,"key":"Vajra"},{"floor":30,"key":"The Courier"}],"event_choices":[{"damage_healed":0,"gold_gain":0,"player_choice":"Take Damage","damage_taken":23,"relics_obtained":["Golden Idol"],"max_hp_gain":0,"max_hp_loss":0,"event_name":"Golden Idol","floor":5,"gold_loss":0},{"damage_healed":0,"gold_gain":0,"player_choice":"Became a Ghost","damage_taken":0,"max_hp_gain":0,"max_hp_loss":34,"event_name":"Ghosts","floor":19,"gold_loss":0,"cards_obtained":["Ghostly","Ghostly","Ghostly"]},{"damage_healed":0,"gold_gain":0,"player_choice":"Obtained Relic","damage_taken":0,"relics_obtained":["Pantograph"],"max_hp_gain":0,"max_hp_loss":0,"event_name":"Addict","floor":27,"gold_loss":85}],"is_beta":false,"boss_relics":[{"not_picked":["Velvet Choker","Calling Bell"],"picked":"Busted Crown"}],"items_purged_floors":[21,29],"is_endless":false,"potions_floor_spawned":[3,11,14,16,18,22],"killed_by":"Collector","ascension_level":20}