{"gold_per_floor":[12,25,37,57,69,82,108,108,161,161,176,176,210,222,222,297,297,316,316,330,330,255,284,284,317,389,402,20,20],"floor_reached":29,"playtime":2948,"items_purged":[],"score":654,"play_id":"e4a9fecb-df51-4932-a344-8d43b7bdd366","local_time":"20190723223223","is_ascension_mode":true,"campfire_choices":[{"floor":8,"key":"REST"},{"floor":10,"key":"REST"},{"data":"Wraith Form v2","floor":12,"key":"SMITH"},{"data":"Noxious Fumes","floor":15,"key":"SMITH"},{"floor":24,"key":"REST"}],"neow_cost":"NO_GOLD","seed_source_timestamp":1110786797596499,"circlet_count":0,"master_deck":["AscendersBane","Survivor","Neutralize","Wraith Form v2+1","Dagger Spray","Masterful Stab","Backstab","Well Laid Plans","Noxious Fumes+1","Poisoned Stab","Deadly Poison","Quick Slash","Night Terror","Predator","PiercingWail","Dash","Caltrops","Dagger Throw","Setup","Malaise","Dash","Tools of the Trade","Outmaneuver+1","Necronomicurse","Prepared","Corpse Explosion"],"relics":["Ring of the Snake","Happy Flower","Bag of Preparation","PreservedInsect","Pandora\u0027s Box","Necronomicon","Paper Crane","Oddly Smooth Stone","Pantograph","ClockworkSouvenir"],"potions_floor_usage":[7,13,16,20,23],"damage_taken":[{"damage":0,"enemies":"Cultist","floor":1,"turns":4},{"damage":0,"enemies":"2 Louse","floor":2,"turns":3},{"damage":4,"enemies":"Jaw Worm","floor":3,"turns":4},{"damage":7,"enemies":"Looter","floor":4,"turns":3},{"damage":0,"enemies":"2 Fungi Beasts","floor":5,"turns":2},{"damage":10,"enemies":"Blue Slaver","floor":6,"turns":4},{"damage":30,"enemies":"Lagavulin","floor":7,"turns":11},{"damage":0,"enemies":"Large Slime","floor":11,"turns":5},{"damage":0,"enemies":"Gremlin Nob","floor":13,"turns":3},{"damage":0,"enemies":"3 Louse","floor":14,"turns":2},{"damage":38,"enemies":"Slime Boss","floor":16,"turns":9},{"damage":16,"enemies":"2 Thieves","floor":18,"turns":5},{"damage":1,"enemies":"3 Byrds","floor":20,"turns":3},{"damage":0,"enemies":"Gremlin Leader","floor":23,"turns":6},{"damage":8,"enemies":"Slavers","floor":25,"turns":6},{"damage":0,"enemies":"Centurion and Healer","floor":27,"turns":5},{"damage":12,"enemies":"Cultist and Chosen","floor":29,"turns":3}],"seed_played":"259287467919178286","potions_obtained":[{"floor":2,"key":"LiquidBronze"},{"floor":3,"key":"SpeedPotion"},{"floor":7,"key":"SkillPotion"},{"floor":14,"key":"Dexterity Potion"},{"floor":16,"key":"Poison Potion"},{"floor":20,"key":"SpeedPotion"},{"floor":23,"key":"Dexterity Potion"}],"is_trial":false,"path_per_floor":["M","M","M","M","M","M","E","R","T","R","M","R","E","M","R","B",null,"M","?","M","?","?","E","R","E","T","M","$","M"],"character_chosen":"THE_SILENT","items_purchased":["Corpse Explosion","ClockworkSouvenir"],"campfire_rested":3,"item_purchase_floors":[28,28],"current_hp_per_floor":[59,59,55,48,48,38,8,27,27,46,46,46,46,46,46,8,52,36,36,35,14,14,14,33,25,25,25,25,13],"gold":20,"neow_bonus":"THREE_RARE_CARDS","is_prod":false,"is_daily":false,"chose_seed":false,"campfire_upgraded":2,"win_rate":0,"timestamp":1563913943,"path_taken":["M","?","M","?","M","M","E","R","T","R","M","R","E","M","R","BOSS","M","?","M","?","?","E","R","E","T","M","$","M"],"build_version":"2019-07-17","purchased_purges":0,"victory":false,"max_hp_per_floor":[66,66,66,66,66,66,66,66,66,66,66,66,66,66,66,66,66,66,66,66,66,66,66,66,66,66,66,66,66],"card_choices":[{"not_picked":["Envenom","Grand Finale"],"picked":"Wraith Form v2","floor":0},{"not_picked":["Cloak And Dagger","Backflip"],"picked":"Dagger Spray","floor":1},{"not_picked":["PiercingWail","Outmaneuver"],"picked":"Masterful Stab","floor":2},{"not_picked":["Bane","Night Terror"],"picked":"Backstab","floor":3},{"not_picked":["Blade Dance","Tactician"],"picked":"Well Laid Plans","floor":4},{"not_picked":["Eviscerate","Slice"],"picked":"Noxious Fumes","floor":5},{"not_picked":["Riddle With Holes","Accuracy"],"picked":"Poisoned Stab","floor":7},{"not_picked":["Prepared","Sucker Punch"],"picked":"Deadly Poison","floor":11},{"not_picked":["Outmaneuver","Prepared"],"picked":"Quick Slash","floor":14},{"not_picked":["Envenom","Adrenaline"],"picked":"Night Terror","floor":16},{"not_picked":["Flying Knee","Concentrate+1"],"picked":"Outmaneuver+1","floor":18},{"not_picked":["Blade Dance","Cloak And Dagger"],"picked":"Prepared","floor":27}],"player_experience":1318209,"relics_obtained":[{"floor":7,"key":"Happy Flower"},{"floor":9,"key":"Bag of Preparation"},{"floor":13,"key":"PreservedInsect"},{"floor":21,"key":"Necronomicon"},{"floor":23,"key":"Paper Crane"},{"floor":25,"key":"Oddly Smooth Stone"},{"floor":26,"key":"Pantograph"}],"event_choices":[{"damage_healed":0,"gold_gain":0,"player_choice":"Ignored","damage_taken":0,"max_hp_gain":0,"max_hp_loss":0,"event_name":"Vampires","floor":19,"gold_loss":0},{"damage_healed":0,"gold_gain":0,"player_choice":"Obtained Book","damage_taken":21,"max_hp_gain":0,"max_hp_loss":0,"event_name":"Cursed Tome","floor":21,"gold_loss":0},{"cards_removed":["Phantasmal Killer"],"damage_healed":0,"gold_gain":0,"player_choice":"Gave Gold","damage_taken":0,"max_hp_gain":0,"max_hp_loss":0,"event_name":"Beggar","floor":22,"gold_loss":75}],"is_beta":false,"boss_relics":[{"not_picked":["Lizard Tail","Tiny House"],"picked":"Pandora\u0027s Box"}],"items_purged_floors":[],"is_endless":false,"potions_floor_spawned":[2,3,7,14,16,20,23],"killed_by":"Cultist and Chosen","ascension_level":20}