{"gold_per_floor":[109,34,34,52,70,70,96,96,96,96,121,171,202,216,216,287,287,304,12,24,24,24,24,55,55,55,55,55,66,94,107,107,185,185,204,204,204,214,214,214,214,239,316,341,352,26,40,40,40,40,40,40,40,40,73,73],"floor_reached":57,"playtime":1918,"items_purged":["Strike_B"],"score":2828,"play_id":"bb252d82-40ac-458d-985a-39c248b0a129","local_time":"20190726184129","is_ascension_mode":true,"campfire_choices":[{"data":"Doom and Gloom","floor":6,"key":"SMITH"},{"data":"Dualcast","floor":8,"key":"SMITH"},{"data":"Self Repair","floor":10,"key":"SMITH"},{"data":"Electrodynamics","floor":15,"key":"SMITH"},{"data":"Fission","floor":23,"key":"SMITH"},{"data":"Reboot","floor":25,"key":"SMITH"},{"data":"Rainbow","floor":28,"key":"SMITH"},{"data":"Capacitor","floor":32,"key":"SMITH"},{"floor":40,"key":"RECALL"},{"data":"Consume","floor":49,"key":"SMITH"},{"data":"Reboot","floor":53,"key":"SMITH"}],"neow_cost":"NONE","seed_source_timestamp":615028285224300,"circlet_count":0,"master_deck":["AscendersBane","Defend_B","Defend_B","Defend_B","Defend_B","Dualcast+1","Ball Lightning","Doom and Gloom+1","Self Repair+1","Electrodynamics+1","Rainbow+1","Fission+1","Capacitor+1","Compile Driver","Electrodynamics","Reboot+1","Cold Snap","Reboot+1","Amplify","Barrage+1","Meteor Strike","Force Field","Consume+1","Echo Form","Glacier","Panacea","Dark Shackles","Machine Learning"],"relics":["Cracked Core","NeowsBlessing","Mummified Hand","Meat on the Bone","Cables","Snecko Eye","Runic Capacitor","PreservedInsect","Nloth\u0027s Gift","DataDisk","Runic Dome","Oddly Smooth Stone","Symbiotic Virus","Ancient Tea Set","Potion Belt","Pen Nib"],"potions_floor_usage":[16,16,55,55,56,56],"damage_taken":[{"damage":0,"enemies":"Small Slimes","floor":1,"turns":1},{"damage":0,"enemies":"2 Louse","floor":4,"turns":1},{"damage":0,"enemies":"Cultist","floor":5,"turns":1},{"damage":15,"enemies":"Lagavulin","floor":7,"turns":6},{"damage":31,"enemies":"Gremlin Nob","floor":11,"turns":4},{"damage":25,"enemies":"Lagavulin","floor":13,"turns":5},{"damage":8,"enemies":"Large Slime","floor":14,"turns":3},{"damage":31,"enemies":"The Guardian","floor":16,"turns":10},{"damage":3,"enemies":"Chosen","floor":18,"turns":3},{"damage":4,"enemies":"Spheric Guardian","floor":20,"turns":3},{"damage":0,"enemies":"Slavers","floor":24,"turns":1},{"damage":0,"enemies":"Snake Plant","floor":29,"turns":2},{"damage":0,"enemies":"Gremlin Leader","floor":30,"turns":3},{"damage":0,"enemies":"Centurion and Healer","floor":31,"turns":2},{"damage":15,"enemies":"Collector","floor":33,"turns":4},{"damage":0,"enemies":"Orb Walker","floor":35,"turns":1},{"damage":1,"enemies":"3 Shapes","floor":38,"turns":3},{"damage":24,"enemies":"Reptomancer","floor":42,"turns":3},{"damage":4,"enemies":"Giant Head","floor":44,"turns":2},{"damage":7,"enemies":"Maw","floor":45,"turns":4},{"damage":0,"enemies":"Jaw Worm Horde","floor":47,"turns":2},{"damage":16,"enemies":"Time Eater","floor":50,"turns":8},{"damage":18,"enemies":"Donu and Deca","floor":51,"turns":6},{"damage":38,"enemies":"Shield and Spear","floor":55,"turns":3},{"damage":42,"enemies":"The Heart","floor":56,"turns":12}],"seed_played":"-2690306393574452377","potions_obtained":[{"floor":4,"key":"SteroidPotion"},{"floor":5,"key":"EssenceOfSteel"},{"floor":14,"key":"Weak Potion"},{"floor":16,"key":"Ancient Potion"},{"floor":24,"key":"AttackPotion"},{"floor":47,"key":"Block Potion"},{"floor":55,"key":"Poison Potion"}],"is_trial":false,"path_per_floor":["M","$","?","M","M","R","E","R","T","R","E","?","E","M","R","B",null,"M","$","M","?","?","R","E","R","T","?","R","M","E","M","R","B",null,"M","?","$","M","$","R","?","E","T","E","M","$","M","?","R","B","B",null,"R","$","E","B",null],"character_chosen":"DEFECT","items_purchased":["Runic Capacitor","Capacitor","Echo Form","Potion Belt"],"campfire_rested":0,"item_purchase_floors":[19,19,46,46],"current_hp_per_floor":[64,64,64,64,64,64,59,59,59,59,38,38,35,49,49,40,71,78,78,81,81,58,58,68,68,68,68,68,78,86,86,86,81,85,86,86,86,86,86,86,86,72,72,78,86,86,86,76,76,70,62,80,80,80,54,34],"gold":73,"neow_bonus":"THREE_ENEMY_KILL","is_prod":false,"is_daily":false,"chose_seed":false,"campfire_upgraded":10,"win_rate":0,"timestamp":1564134089,"path_taken":["M","$","?","M","M","R","E","R","T","R","E","?","E","?","R","BOSS","M","$","M","?","?","R","E","R","T","?","R","?","E","M","R","BOSS","M","?","?","M","$","R","?","E","T","E","?","$","M","?","R","BOSS","BOSS","R","$","E","BOSS"],"build_version":"2019-07-17","purchased_purges":1,"victory":true,"max_hp_per_floor":[71,71,71,71,71,71,81,81,81,81,81,81,81,81,81,81,81,81,81,81,81,86,86,86,86,86,86,86,86,86,86,86,86,86,86,86,86,86,86,86,86,86,86,86,86,86,86,86,86,86,86,86,86,86,86,86],"card_choices":[{"not_picked":["Rebound","Redo"],"picked":"Ball Lightning","floor":1},{"not_picked":["Leap","Rebound","Streamline"],"picked":"SKIP","floor":4},{"not_picked":["Leap","Stack"],"picked":"Ball Lightning","floor":5},{"not_picked":["Cold Snap","Double Energy"],"picked":"Self Repair","floor":7},{"not_picked":["Aggregate","Sweeping Beam"],"picked":"Electrodynamics","floor":11},{"not_picked":["Skim","Hologram"],"picked":"Rainbow","floor":13},{"not_picked":["Redo","Barrage","Darkness"],"picked":"SKIP","floor":14},{"not_picked":["Machine Learning","Multi-Cast"],"picked":"Fission","floor":16},{"not_picked":["Beam Cell","Redo","Hologram"],"picked":"SKIP","floor":18},{"not_picked":["Sweeping Beam","Tempest","Redo"],"picked":"SKIP","floor":20},{"not_picked":["Redo","Compile Driver"],"picked":"Reboot","floor":24},{"not_picked":["Turbo","Reprogram"],"picked":"Cold Snap","floor":29},{"not_picked":["Compile Driver","Undo+1"],"picked":"Reboot","floor":30},{"not_picked":["Compile Driver","Leap","Stack"],"picked":"SKIP","floor":31},{"not_picked":["Compile Driver","Leap","Stack"],"picked":"SKIP","floor":31},{"not_picked":["Multi-Cast","Fission"],"picked":"Amplify","floor":33},{"not_picked":["Hologram","BootSequence","Stack"],"picked":"SKIP","floor":35},{"not_picked":["Sweeping Beam+1","Steam Power"],"picked":"Barrage+1","floor":38},{"not_picked":["Barrage","Sunder+1"],"picked":"Meteor Strike","floor":42},{"not_picked":["Melter","Cold Snap"],"picked":"Force Field","floor":44},{"not_picked":["FTL","Stack"],"picked":"Consume","floor":45},{"not_picked":["Turbo+1","Hello World"],"picked":"Glacier","floor":47},{"not_picked":["Sadistic Nature","Violence"],"picked":"Panacea","floor":48},{"not_picked":["Bandage Up","Deep Breath"],"picked":"Dark Shackles","floor":48},{"not_picked":["Barrage+1","Thunder Strike"],"picked":"Machine Learning","floor":55}],"player_experience":1225177,"relics_obtained":[{"floor":7,"key":"Pear"},{"floor":9,"key":"Mummified Hand"},{"floor":11,"key":"Meat on the Bone"},{"floor":13,"key":"Cables"},{"floor":24,"key":"PreservedInsect"},{"floor":30,"key":"DataDisk"},{"floor":42,"key":"Oddly Smooth Stone"},{"floor":43,"key":"Symbiotic Virus"},{"floor":44,"key":"Ancient Tea Set"},{"floor":55,"key":"Pen Nib"}],"event_choices":[{"damage_healed":0,"gold_gain":0,"cards_transformed":["Strike_B"],"player_choice":"Change","damage_taken":0,"max_hp_gain":0,"max_hp_loss":0,"event_name":"Living Wall","floor":3,"gold_loss":0,"cards_obtained":["Doom and Gloom"]},{"damage_healed":0,"gold_gain":50,"player_choice":"Pray","damage_taken":0,"max_hp_gain":0,"max_hp_loss":0,"event_name":"Golden Shrine","floor":12,"gold_loss":0},{"damage_healed":0,"gold_gain":0,"cards_transformed":["Strike_B","Strike_B"],"player_choice":"Became Test Subject","damage_taken":0,"max_hp_gain":0,"max_hp_loss":0,"event_name":"Drug Dealer","floor":21,"gold_loss":0,"cards_obtained":["Compile Driver","Electrodynamics"]},{"damage_healed":0,"gold_gain":0,"player_choice":"Shed Blood","damage_taken":28,"max_hp_gain":5,"max_hp_loss":0,"event_name":"Forgotten Altar","floor":22,"gold_loss":0},{"damage_healed":0,"gold_gain":0,"player_choice":"Traded Relic","damage_taken":0,"relics_obtained":["Nloth\u0027s Gift"],"max_hp_gain":0,"max_hp_loss":0,"event_name":"N\u0027loth","floor":27,"relics_lost":["Pear"],"gold_loss":0},{"cards_removed":["Zap"],"damage_healed":0,"gold_gain":0,"player_choice":"Purged","damage_taken":0,"max_hp_gain":0,"max_hp_loss":0,"event_name":"Purifier","floor":36,"gold_loss":0},{"cards_removed":["Ball Lightning"],"damage_healed":0,"gold_gain":0,"player_choice":"Removed Attack","damage_taken":0,"max_hp_gain":0,"max_hp_loss":0,"event_name":"Falling","floor":41,"gold_loss":0},{"damage_healed":0,"gold_gain":0,"player_choice":"Memory 3","damage_taken":10,"max_hp_gain":0,"max_hp_loss":0,"event_name":"SensoryStone","floor":48,"gold_loss":0}],"is_beta":false,"boss_relics":[{"not_picked":["FrozenCore","Velvet Choker"],"picked":"Snecko Eye"},{"not_picked":["Fusion Hammer","Calling Bell"],"picked":"Runic Dome"}],"items_purged_floors":[2],"is_endless":false,"potions_floor_spawned":[4,5,7,14,16,24,30,31,33,38,42,47,55],"ascension_level":20}