{"gold_per_floor":[113,124,199,215,180,180,208,208,208,208,237,248,5,16,16,112,112,131,142,142,156,255,255,288,288],"floor_reached":25,"playtime":1518,"items_purged":[],"score":358,"play_id":"44a1e3a0-e184-4074-8af8-3cce7d2755ea","local_time":"20190626190437","is_ascension_mode":true,"campfire_choices":[{"data":"Bouncing Flask","floor":6,"key":"SMITH"},{"data":"Poisoned Stab","floor":8,"key":"SMITH"},{"data":"Footwork","floor":10,"key":"SMITH"},{"floor":15,"key":"REST"},{"floor":23,"key":"REST"}],"neow_cost":"NONE","seed_source_timestamp":1123276733127874,"circlet_count":0,"master_deck":["AscendersBane","Defend_G","Defend_G","Defend_G","Defend_G","Defend_G","Strike_G","Strike_G","Strike_G","Strike_G","Strike_G","Survivor","Neutralize","Bouncing Flask+1","PiercingWail","Footwork+1","Poisoned Stab+1","Leg Sweep","Malaise","Magnetism","Wraith Form v2","Escape Plan","Crippling Poison","Wraith Form v2","Flying Knee","Footwork","Writhe","Noxious Fumes"],"relics":["Ring of the Snake","NeowsBlessing","Ginger","Bottled Lightning","Bird Faced Urn","Orrery","Mercury Hourglass","Snake Skull"],"potions_floor_usage":[7,7,7,11,12,14,16,21,24],"damage_taken":[{"damage":0,"enemies":"Small Slimes","floor":1,"turns":1},{"damage":0,"enemies":"2 Louse","floor":2,"turns":1},{"damage":0,"enemies":"Jaw Worm","floor":4,"turns":1},{"damage":10,"enemies":"Lagavulin","floor":7,"turns":5},{"damage":14,"enemies":"3 Sentries","floor":11,"turns":9},{"damage":13,"enemies":"Lots of Slimes","floor":12,"turns":5},{"damage":0,"enemies":"3 Louse","floor":14,"turns":4},{"damage":8,"enemies":"The Guardian","floor":16,"turns":9},{"damage":26,"enemies":"Shell Parasite","floor":18,"turns":10},{"damage":6,"enemies":"Spheric Guardian","floor":19,"turns":5},{"damage":2,"enemies":"Snecko","floor":21,"turns":5},{"damage":63,"enemies":"Gremlin Leader","floor":24,"turns":10},{"damage":24,"enemies":"Sentry and Sphere","floor":25,"turns":6}],"seed_played":"2568860293671524077","potions_obtained":[{"floor":2,"key":"Weak Potion"},{"floor":4,"key":"EntropicBrew"},{"floor":11,"key":"SpeedPotion"},{"floor":14,"key":"PowerPotion"},{"floor":19,"key":"Poison Potion"},{"floor":21,"key":"FearPotion"}],"is_trial":false,"path_per_floor":["M","M","?","M","?","R","E","R","T","R","E","M","$","M","R","B",null,"M","M","?","M","?","R","E","M"],"character_chosen":"THE_SILENT","items_purchased":["Magnetism","Energy Potion"],"campfire_rested":2,"item_purchase_floors":[13,13],"current_hp_per_floor":[63,63,52,52,69,69,59,59,59,59,45,34,34,38,59,57,67,47,49,49,55,55,70,17,0],"gold":288,"neow_bonus":"THREE_ENEMY_KILL","is_prod":false,"is_daily":false,"chose_seed":false,"campfire_upgraded":3,"win_rate":0,"timestamp":1561565077,"path_taken":["M","M","?","M","?","R","E","R","T","R","E","?","$","M","R","BOSS","M","?","?","M","?","R","E","M"],"build_version":"2019-01-23","purchased_purges":0,"victory":false,"max_hp_per_floor":[70,70,70,70,70,70,70,70,70,70,70,70,70,70,70,70,70,70,70,70,70,70,70,70,70],"card_choices":[{"not_picked":["Dodge and Roll","Cloak And Dagger"],"picked":"Bouncing Flask","floor":1},{"not_picked":["Distraction","Blade Dance"],"picked":"PiercingWail","floor":2},{"not_picked":["Dagger Throw","Flying Knee"],"picked":"Footwork","floor":4},{"not_picked":["Prepared","Outmaneuver"],"picked":"Poisoned Stab","floor":7},{"not_picked":["Dagger Spray","Riddle With Holes"],"picked":"Leg Sweep","floor":11},{"not_picked":["Flechettes","Underhanded Strike"],"picked":"Malaise","floor":12},{"not_picked":["Backflip","Eviscerate","Underhanded Strike"],"picked":"SKIP","floor":14},{"not_picked":["Tools of the Trade","Bullet Time"],"picked":"Wraith Form v2","floor":16},{"not_picked":["Flying Knee","Terror"],"picked":"Escape Plan","floor":17},{"not_picked":["Backstab","Backflip"],"picked":"Crippling Poison","floor":17},{"not_picked":["Outmaneuver","Flying Knee"],"picked":"Wraith Form v2","floor":17},{"not_picked":["All Out Attack","Dagger Spray"],"picked":"Flying Knee","floor":17},{"not_picked":["Acrobatics+1","Prepared"],"picked":"Footwork","floor":18},{"not_picked":["Acrobatics","Outmaneuver","Finisher"],"picked":"SKIP","floor":19},{"not_picked":["Dodge and Roll+1","PiercingWail","Choke"],"picked":"SKIP","floor":21},{"not_picked":["Choke","Flying Knee+1"],"picked":"Noxious Fumes","floor":24}],"player_experience":1586763,"relics_obtained":[{"floor":7,"key":"Ginger"},{"floor":9,"key":"Bottled Lightning"},{"floor":11,"key":"Bird Faced Urn"},{"floor":24,"key":"Snake Skull"}],"event_choices":[{"damage_healed":0,"gold_gain":75,"player_choice":"Gather Gold","damage_taken":11,"max_hp_gain":0,"max_hp_loss":0,"event_name":"World of Goop","floor":3,"gold_loss":0},{"damage_healed":17,"gold_gain":0,"player_choice":"Healed","damage_taken":0,"max_hp_gain":0,"max_hp_loss":0,"event_name":"The Cleric","floor":5,"gold_loss":35},{"damage_healed":0,"gold_gain":0,"player_choice":"Opened","damage_taken":0,"relics_obtained":["Mercury Hourglass"],"max_hp_gain":0,"max_hp_loss":0,"event_name":"The Mausoleum","floor":20,"gold_loss":0,"cards_obtained":["Writhe"]},{"damage_healed":0,"gold_gain":99,"player_choice":"Stole From Cult","damage_taken":0,"max_hp_gain":0,"max_hp_loss":0,"event_name":"Nest","floor":22,"gold_loss":0}],"is_beta":false,"boss_relics":[{"not_picked":["Tiny House","Coffee Dripper"],"picked":"Orrery"}],"items_purged_floors":[],"is_endless":false,"potions_floor_spawned":[2,4,11,14,19,21],"killed_by":"Sentry and Sphere","ascension_level":11}