{"gold_per_floor":[216,291,40,58,58,58,75,75,98,118,142,112,140,19,19,91,91,109,126,126,3,20,20,37,37,37,47,47,64,84,101,101,101],"floor_reached":33,"playtime":1456,"items_purged":["Pain"],"score":511,"play_id":"763f5458-ab52-40dd-a7c2-f4add18670cf","local_time":"20190713090558","is_ascension_mode":true,"campfire_choices":[{"floor":6.0,"key":"REST"},{"data":"Calculated Gamble","floor":8.0,"key":"SMITH"},{"floor":15.0,"key":"REST"},{"floor":23.0,"key":"REST"},{"floor":25.0,"key":"REST"},{"floor":32,"key":"REST"}],"neow_cost":"NONE","seed_source_timestamp":224956292823254,"circlet_count":0,"master_deck":["AscendersBane","Strike_G","Strike_G","Strike_G","Strike_G","Strike_G","Defend_G","Defend_G","Defend_G","Defend_G","Survivor","Neutralize","Underhanded Strike","Calculated Gamble+1","Backflip","Underhanded Strike","Terror","Dagger Throw","Slice","Bandage Up","Flying Knee","Glass Knife","Sucker Punch","Dagger Throw","Underhanded Strike","Flying Knee","Underhanded Strike","Dagger Spray","Riddle With Holes","Dagger Throw","Acrobatics","Slice+1","Acrobatics","Endless Agony","Dagger Throw","Endless Agony"],"special_seed":0,"relics":["Ring of the Snake","Oddly Smooth Stone","Bag of Marbles","Bronze Scales","Bag of Preparation","Orrery","WarpedTongs","Letter Opener"],"potions_floor_usage":[31],"damage_taken":[{"damage":5.0,"enemies":"Cultist","floor":1.0,"turns":6.0},{"damage":0.0,"enemies":"Jaw Worm","floor":4.0,"turns":4.0},{"damage":0.0,"enemies":"2 Louse","floor":7.0,"turns":2.0},{"damage":0.0,"enemies":"Gremlin Gang","floor":10.0,"turns":4.0},{"damage":5.0,"enemies":"Lagavulin","floor":13.0,"turns":3.0},{"damage":31.0,"enemies":"Hexaghost","floor":16.0,"turns":9.0},{"damage":6.0,"enemies":"3 Byrds","floor":18.0,"turns":3.0},{"damage":1.0,"enemies":"Shell Parasite","floor":19.0,"turns":2.0},{"damage":24.0,"enemies":"Cultist and Chosen","floor":22.0,"turns":4.0},{"damage":12.0,"enemies":"Snake Plant","floor":24.0,"turns":2.0},{"damage":27.0,"enemies":"Sentry and Sphere","floor":27.0,"turns":4.0},{"damage":0.0,"enemies":"Centurion and Healer","floor":29.0,"turns":3.0},{"damage":11.0,"enemies":"3 Cultists","floor":30.0,"turns":5.0},{"damage":18,"enemies":"Shelled Parasite and Fungi","floor":31,"turns":3},{"damage":1,"enemies":"Collector","floor":33,"turns":2}],"seed_played":"1424283898586923709","potions_obtained":[{"floor":4.0,"key":"Energy Potion"},{"floor":7.0,"key":"Energy Potion"},{"floor":12.0,"key":"Fire Potion"},{"floor":12.0,"key":"AttackPotion"},{"floor":22.0,"key":"Ancient Potion"},{"floor":24.0,"key":"EssenceOfSteel"},{"floor":30.0,"key":"Energy Potion"}],"is_trial":false,"path_per_floor":["M","?","$","M","?","R","M","R","T","M","T","?","E","$","R","B",null,"M","M","?","$","M","R","M","R","T","M","$","M","M","M","R","B"],"character_chosen":"THE_SILENT","items_purchased":["Calculated Gamble","Oddly Smooth Stone","Backflip","Bandage Up","Flying Knee","Dagger Throw"],"campfire_rested":5,"item_purchase_floors":[3,3,3,14,14,21],"current_hp_per_floor":[54,43,43,43,43,62,62,62,62,62,62,62,57,57,66,39,59,57,60,60,60,40,59,51,66,66,39,39,39,32,18,37,36],"gold":101,"neow_bonus":"HUNDRED_GOLD","is_prod":false,"is_daily":false,"chose_seed":false,"campfire_upgraded":1,"win_rate":0,"timestamp":1562997958,"path_taken":["M","?","$","M","?","R","?","R","T","M","?","?","E","$","R","BOSS","M","?","?","$","M","R","?","R","T","M","?","M","M","M","R","BOSS"],"build_version":"2019-07-05","purchased_purges":1,"victory":false,"max_hp_per_floor":[66,66,66,66,66,66,66,66,66,66,66,66,66,66,66,66,66,66,66,66,66,66,66,66,66,66,66,66,66,66,66,66,66],"card_choices":[{"not_picked":["Prepared","Terror"],"picked":"Underhanded Strike","floor":1.0},{"not_picked":["Tactician","Eviscerate"],"picked":"Underhanded Strike","floor":4.0},{"not_picked":["Cloak And Dagger","Crippling Poison"],"picked":"Dagger Throw","floor":7.0},{"not_picked":["Outmaneuver","Choke","Expertise"],"picked":"SKIP","floor":10.0},{"not_picked":["Cloak And Dagger","Expertise"],"picked":"Slice","floor":13.0},{"not_picked":["A Thousand Cuts","Burst"],"picked":"Glass Knife","floor":16.0},{"not_picked":["Blade Dance","Riddle With Holes"],"picked":"Sucker Punch","floor":17.0},{"not_picked":["Dagger Spray","Leg Sweep"],"picked":"Dagger Throw","floor":17.0},{"not_picked":["PiercingWail","Bane"],"picked":"Underhanded Strike","floor":17.0},{"not_picked":["PiercingWail","Sucker Punch"],"picked":"Flying Knee","floor":17.0},{"not_picked":["Die Die Die","Blade Dance"],"picked":"Underhanded Strike","floor":17.0},{"not_picked":["Deflect","Terror"],"picked":"Dagger Spray","floor":18.0},{"not_picked":["Crippling Poison","Setup"],"picked":"Riddle With Holes","floor":19.0},{"not_picked":["Dagger Throw","Poisoned Stab"],"picked":"Acrobatics","floor":22.0},{"not_picked":["Poisoned Stab","Backflip"],"picked":"Slice+1","floor":24.0},{"not_picked":["Well Laid Plans","Dodge and Roll+1"],"picked":"Acrobatics","floor":27.0},{"not_picked":["Bane","Poisoned Stab"],"picked":"Endless Agony","floor":29.0},{"not_picked":["Cloak And Dagger","Poisoned Stab"],"picked":"Dagger Throw","floor":30.0},{"not_picked":["Catalyst","Dagger Spray"],"picked":"Endless Agony","floor":31}],"player_experience":1624713,"relics_obtained":[{"floor":9.0,"key":"Bag of Marbles"},{"floor":11.0,"key":"Bronze Scales"},{"floor":13.0,"key":"Bag of Preparation"},{"floor":26.0,"key":"Letter Opener"}],"event_choices":[{"damage_healed":0.0,"max_hp_gain":0.0,"max_hp_loss":0.0,"gold_gain":75.0,"event_name":"World of Goop","player_choice":"Gather Gold","floor":2.0,"gold_loss":0.0,"damage_taken":11.0},{"damage_healed":0.0,"max_hp_gain":0.0,"max_hp_loss":0.0,"gold_gain":0.0,"cards_transformed":["Defend_G"],"event_name":"Transmorgrifier","player_choice":"Transformed","floor":5.0,"gold_loss":0.0,"damage_taken":0.0,"cards_obtained":["Terror"]},{"damage_healed":0.0,"max_hp_gain":0.0,"max_hp_loss":0.0,"gold_gain":0.0,"event_name":"The Woman in Blue","player_choice":"Bought 2 Potions","floor":12.0,"gold_loss":0.0,"damage_taken":0.0},{"damage_healed":0.0,"max_hp_gain":0.0,"max_hp_loss":0.0,"gold_gain":0.0,"event_name":"Accursed Blacksmith","player_choice":"Rummage","floor":20.0,"gold_loss":0.0,"damage_taken":0.0,"relics_obtained":["WarpedTongs"],"cards_obtained":["Pain"]}],"is_beta":false,"boss_relics":[{"not_picked":["Astrolabe","Pandora\u0027s Box"],"picked":"Orrery"}],"items_purged_floors":[21],"is_endless":false,"potions_floor_spawned":[4,7,22,24,27,30],"killed_by":"Collector","ascension_level":15}