{"gold_per_floor":[113,113,113,132,20,45,45,71,124,124,124,124,135,166,166,242,242,262,282,298,298,298,325,325,360,428,460,477,490,509,344,344,417,417,432,432,432,443,163,178,196,223,223,223,257,257,257,268,268,268,268,268,268,43,73,73],"floor_reached":56,"playtime":2116,"items_purged":["Regret","Writhe","Strike_R+1"],"score":2266,"play_id":"60921922-aaf7-4575-ae1f-a201ba0cfba1","local_time":"20190612231110","is_ascension_mode":true,"campfire_choices":[{"data":"Bash","floor":7,"key":"SMITH"},{"data":"Immolate","floor":12,"key":"SMITH"},{"data":"Armaments","floor":15,"key":"SMITH"},{"floor":24,"key":"REST"},{"floor":32,"key":"REST"},{"floor":44,"key":"RECALL"},{"floor":47,"key":"REST"},{"floor":49,"key":"REST"},{"floor":53,"key":"REST"}],"neow_cost":"NONE","seed_source_timestamp":377577733804700,"circlet_count":0,"master_deck":["AscendersBane","Strike_R+1","Strike_R+1","Defend_R+1","Defend_R+1","Defend_R+1","Defend_R+1","Bash+1","Feel No Pain","Pummel","Feel No Pain","Corruption","Impervious","Immolate+1","Armaments+1","Whirlwind","Offering","Evolve","Body Slam","Armaments","Exhume","Dual Wield","Pommel Strike","Inflame","Burning Pact","Shrug It Off","Impervious","True Grit","Madness","Madness","Spot Weakness","Dark Embrace","Entrench+1","Violence","Madness","True Grit"],"relics":["Burning Blood","NeowsBlessing","Bag of Preparation","Art of War","Red Skull","Smiling Mask","Orichalcum","Fusion Hammer","Pocketwatch","Dodecahedron","Pear","Mercury Hourglass","Oddly Smooth Stone","Mark of Pain","Lee\u0027s Waffle","Bronze Scales","Ginger","Lantern","Strawberry"],"potions_floor_usage":[16,16,33,33,45,51,56,56],"damage_taken":[{"damage":0,"enemies":"Small Slimes","floor":1,"turns":2},{"damage":0,"enemies":"2 Louse","floor":4,"turns":1},{"damage":0,"enemies":"3 Sentries","floor":6,"turns":2},{"damage":50,"enemies":"Gremlin Nob","floor":8,"turns":5},{"damage":0,"enemies":"Cultist","floor":13,"turns":1},{"damage":0,"enemies":"Lagavulin","floor":14,"turns":6},{"damage":4,"enemies":"The Guardian","floor":16,"turns":12},{"damage":0,"enemies":"3 Byrds","floor":18,"turns":3},{"damage":12,"enemies":"2 Thieves","floor":19,"turns":3},{"damage":24,"enemies":"Snake Plant","floor":20,"turns":3},{"damage":15,"enemies":"Book of Stabbing","floor":23,"turns":4},{"damage":20,"enemies":"Slavers","floor":25,"turns":3},{"damage":17,"enemies":"Book of Stabbing","floor":27,"turns":6},{"damage":14,"enemies":"Centurion and Healer","floor":28,"turns":3},{"damage":0,"enemies":"3 Cultists","floor":29,"turns":2},{"damage":6,"enemies":"Cultist and Chosen","floor":30,"turns":5},{"damage":23,"enemies":"Champ","floor":33,"turns":6},{"damage":8,"enemies":"3 Shapes","floor":35,"turns":3},{"damage":43,"enemies":"3 Darklings","floor":38,"turns":4},{"damage":8,"enemies":"Writhing Mass","floor":40,"turns":5},{"damage":12,"enemies":"Maw","floor":41,"turns":5},{"damage":25,"enemies":"Giant Head","floor":42,"turns":6},{"damage":0,"enemies":"Reptomancer","floor":45,"turns":4},{"damage":12,"enemies":"Transient","floor":48,"turns":6},{"damage":17,"enemies":"Awakened One","floor":50,"turns":6},{"damage":24,"enemies":"Donu and Deca","floor":51,"turns":6},{"damage":63,"enemies":"Shield and Spear","floor":55,"turns":5},{"damage":43,"enemies":"The Heart","floor":56,"turns":3}],"seed_played":"-2053194952424167030","potions_obtained":[{"floor":1,"key":"Dexterity Potion"},{"floor":8,"key":"SkillPotion"},{"floor":14,"key":"Dexterity Potion"},{"floor":18,"key":"SteroidPotion"},{"floor":20,"key":"Explosive Potion"},{"floor":23,"key":"PowerPotion"},{"floor":37,"key":"Fire Potion"},{"floor":37,"key":"SmokeBomb"},{"floor":45,"key":"SkillPotion"},{"floor":48,"key":"SpeedPotion"}],"is_trial":false,"path_per_floor":["M","?","?","M","$","E","R","E","T","?","?","R","M","E","R","B",null,"M","M","M","?","?","E","R","E","T","E","M","M","M","$","R","B",null,"M","?","?","M","$","M","M","E","T","R","E","?","R","M","R","B","B",null,"R","$","E","B"],"character_chosen":"IRONCLAD","items_purchased":["Corruption","PowerPotion","Shrug It Off","Lee\u0027s Waffle","SpeedPotion","Lantern"],"campfire_rested":5,"item_purchase_floors":[5,31,31,39,54,54],"current_hp_per_floor":[74,74,74,75,75,75,75,31,31,24,24,24,30,36,36,38,66,72,66,48,48,48,39,61,57,57,46,38,44,44,44,69,52,77,75,60,60,23,92,90,84,65,65,65,71,61,88,82,92,81,63,85,92,92,42,0],"gold":73,"neow_bonus":"THREE_ENEMY_KILL","is_prod":false,"is_daily":false,"chose_seed":false,"campfire_upgraded":3,"win_rate":0,"timestamp":1560348670,"path_taken":["M","?","?","M","$","E","R","E","T","?","?","R","M","E","R","BOSS","M","?","M","?","?","E","R","E","T","E","M","M","M","$","R","BOSS","M","?","?","M","$","M","?","E","T","R","E","?","R","M","R","BOSS","BOSS","R","$","E","BOSS"],"build_version":"2019-01-23","purchased_purges":3,"victory":false,"max_hp_per_floor":[75,75,75,75,75,75,75,75,75,75,75,75,75,75,75,75,75,75,75,75,75,75,75,75,85,85,85,85,85,85,85,85,85,85,85,85,85,85,92,92,92,92,92,92,92,92,92,92,92,92,92,92,92,92,99,99],"card_choices":[{"not_picked":["Infernal Blade","Iron Wave"],"picked":"Feel No Pain","floor":1},{"not_picked":["Wild Strike","Clash"],"picked":"Feel No Pain","floor":4},{"not_picked":["Perfected Strike","Power Through","Heavy Blade"],"picked":"SKIP","floor":6},{"not_picked":["Battle Trance","Heavy Blade"],"picked":"Impervious","floor":8},{"not_picked":["Uppercut","Clash"],"picked":"Armaments","floor":13},{"not_picked":["Second Wind","Battle Trance"],"picked":"Whirlwind","floor":14},{"not_picked":["Double Tap","Immolate"],"picked":"Offering","floor":16},{"not_picked":["Perfected Strike","Seeing Red"],"picked":"Evolve","floor":18},{"not_picked":["Disarm","Intimidate"],"picked":"Body Slam","floor":19},{"not_picked":["Infernal Blade","Armaments","Twin Strike"],"picked":"SKIP","floor":20},{"not_picked":["Infernal Blade","Twin Strike"],"picked":"Armaments","floor":20},{"not_picked":["Pommel Strike","Wild Strike"],"picked":"Exhume","floor":23},{"not_picked":["Havoc","Twin Strike","Clothesline"],"picked":"SKIP","floor":25},{"not_picked":["Blood for Blood","Hemokinesis"],"picked":"Dual Wield","floor":27},{"not_picked":["Pummel+1","True Grit"],"picked":"Pommel Strike","floor":28},{"not_picked":["Pummel","Metallicize"],"picked":"Inflame","floor":29},{"not_picked":["Carnage","Warcry"],"picked":"Burning Pact","floor":30},{"not_picked":["Limit Break","Immolate"],"picked":"Impervious","floor":33},{"not_picked":["Havoc","Reckless Charge"],"picked":"True Grit","floor":35},{"not_picked":["True Grit","Carnage","Heavy Blade"],"picked":"SKIP","floor":38},{"not_picked":["Thunderclap","True Grit","Perfected Strike"],"picked":"SKIP","floor":40},{"not_picked":["Pommel Strike","Perfected Strike"],"picked":"Spot Weakness","floor":41},{"not_picked":["Uppercut","Havoc"],"picked":"Dark Embrace","floor":42},{"not_picked":["Body Slam+1","Wild Strike"],"picked":"Entrench+1","floor":45},{"not_picked":["Swift Strike","Dramatic Entrance"],"picked":"Violence","floor":46},{"not_picked":["HandOfGreed","Dramatic Entrance"],"picked":"Madness","floor":46},{"not_picked":["Rupture","Dropkick","Carnage"],"picked":"SKIP","floor":48},{"not_picked":["Headbutt","Clothesline"],"picked":"True Grit","floor":55}],"player_experience":624976,"relics_obtained":[{"floor":6,"key":"Art of War"},{"floor":8,"key":"Red Skull"},{"floor":9,"key":"Smiling Mask"},{"floor":14,"key":"Orichalcum"},{"floor":23,"key":"Dodecahedron"},{"floor":25,"key":"Pear"},{"floor":26,"key":"Mercury Hourglass"},{"floor":27,"key":"Oddly Smooth Stone"},{"floor":42,"key":"Bronze Scales"},{"floor":45,"key":"Ginger"},{"floor":55,"key":"Strawberry"}],"event_choices":[{"damage_healed":0,"gold_gain":0,"cards_transformed":["Strike_R"],"player_choice":"Change","damage_taken":0,"max_hp_gain":0,"max_hp_loss":0,"event_name":"Living Wall","floor":2,"gold_loss":0,"cards_obtained":["Pummel"]},{"damage_healed":0,"gold_gain":0,"player_choice":"Box","damage_taken":0,"relics_obtained":["Bag of Preparation"],"max_hp_gain":0,"max_hp_loss":0,"event_name":"Big Fish","floor":3,"gold_loss":0,"cards_obtained":["Regret"]},{"cards_removed":["Strike_R"],"damage_healed":0,"gold_gain":0,"player_choice":"Card Removal","damage_taken":7,"max_hp_gain":0,"max_hp_loss":0,"event_name":"Golden Wing","floor":10,"gold_loss":0},{"damage_healed":0,"gold_gain":0,"player_choice":"1 cards matched","damage_taken":0,"max_hp_gain":0,"max_hp_loss":0,"event_name":"Match and Keep!","floor":11,"gold_loss":0,"cards_obtained":["Immolate"]},{"damage_healed":0,"gold_gain":0,"player_choice":"Opened","damage_taken":0,"relics_obtained":["Pocketwatch"],"max_hp_gain":0,"max_hp_loss":0,"event_name":"The Mausoleum","floor":21,"gold_loss":0,"cards_obtained":["Writhe"]},{"damage_healed":0,"gold_gain":0,"player_choice":"Simplicity","damage_taken":0,"max_hp_gain":0,"max_hp_loss":0,"event_name":"Back to Basics","floor":22,"gold_loss":0,"cards_upgraded":["Strike_R","Strike_R","Strike_R","Defend_R","Defend_R","Defend_R","Defend_R"]},{"damage_healed":0,"gold_gain":0,"player_choice":"Embrace Madness","damage_taken":15,"max_hp_gain":0,"max_hp_loss":0,"event_name":"Winding Halls","floor":36,"gold_loss":0,"cards_obtained":["Madness","Madness"]},{"damage_healed":0,"gold_gain":0,"player_choice":"Got Potions","damage_taken":0,"max_hp_gain":0,"max_hp_loss":0,"event_name":"Lab","floor":37,"gold_loss":0},{"damage_healed":0,"gold_gain":0,"player_choice":"Memory 3","damage_taken":10,"max_hp_gain":0,"max_hp_loss":0,"event_name":"SensoryStone","floor":46,"gold_loss":0}],"is_beta":false,"boss_relics":[{"not_picked":["Sozu","Calling Bell"],"picked":"Fusion Hammer"},{"not_picked":["Eternal Feather","Tiny House"],"picked":"Mark of Pain"}],"items_purged_floors":[5,31,39],"is_endless":false,"potions_floor_spawned":[1,8,14,18,20,23,27,40,41,45,48],"killed_by":"The Heart","ascension_level":20}