{"gold_per_floor":[117,133,133,148,223,258,258,284,354,354,409,409],"floor_reached":12,"playtime":306,"items_purged":[],"score":172,"play_id":"0f37f315-af13-47cb-860b-130fbab9e9af","local_time":"20190715164732","is_ascension_mode":true,"campfire_choices":[{"data":"Whirlwind","floor":7,"key":"SMITH"},{"floor":10,"key":"REST"}],"neow_cost":"NONE","seed_source_timestamp":227219116106700,"circlet_count":0,"master_deck":["AscendersBane","Strike_R","Strike_R","Strike_R","Strike_R","Strike_R","Defend_R","Defend_R","Defend_R","Defend_R","Bash","Shockwave","Whirlwind+1","Sword Boomerang","Rampage"],"relics":["Burning Blood","NeowsBlessing","Thread and Needle","Bag of Preparation","Ancient Tea Set"],"potions_floor_usage":[6,8,12],"damage_taken":[{"damage":0,"enemies":"Cultist","floor":1,"turns":1},{"damage":0,"enemies":"Jaw Worm","floor":2,"turns":1},{"damage":0,"enemies":"Small Slimes","floor":4,"turns":1},{"damage":29,"enemies":"3 Sentries","floor":6,"turns":5},{"damage":17,"enemies":"Gremlin Nob","floor":8,"turns":4},{"damage":21,"enemies":"3 Sentries","floor":11,"turns":4},{"damage":34,"enemies":"Lagavulin","floor":12,"turns":10}],"seed_played":"6007409316544471825","potions_obtained":[{"floor":1,"key":"PowerPotion"},{"floor":4,"key":"SpeedPotion"},{"floor":6,"key":"SkillPotion"}],"is_trial":false,"path_per_floor":["M","M","?","M","?","E","R","E","T","R","?","E"],"character_chosen":"IRONCLAD","items_purchased":[],"campfire_rested":1,"item_purchase_floors":[],"current_hp_per_floor":[74,75,80,80,69,46,46,35,35,59,44,10],"gold":409,"neow_bonus":"THREE_ENEMY_KILL","is_prod":false,"is_daily":false,"chose_seed":false,"campfire_upgraded":1,"win_rate":0,"timestamp":1563176852,"path_taken":["M","?","?","M","?","E","R","E","T","R","?","E"],"build_version":"2019-07-05","purchased_purges":0,"victory":false,"max_hp_per_floor":[75,75,80,80,80,80,80,80,80,80,80,80],"card_choices":[{"not_picked":["True Grit","Pummel"],"picked":"Shockwave","floor":1},{"not_picked":["Infernal Blade","Battle Trance"],"picked":"Whirlwind","floor":2},{"not_picked":["Pummel","Ghostly Armor"],"picked":"Sword Boomerang","floor":4},{"not_picked":["Havoc","Intimidate","Body Slam"],"picked":"SKIP","floor":6},{"not_picked":["Headbutt","Anger","Warcry"],"picked":"SKIP","floor":8},{"not_picked":["Bloodletting","Clothesline"],"picked":"Rampage","floor":11}],"player_experience":1041714,"relics_obtained":[{"floor":6,"key":"Thread and Needle"},{"floor":8,"key":"Bag of Preparation"},{"floor":11,"key":"Ancient Tea Set"}],"event_choices":[{"damage_healed":0,"gold_gain":0,"player_choice":"Donut","damage_taken":0,"max_hp_gain":5,"max_hp_loss":0,"event_name":"Big Fish","floor":3,"gold_loss":0},{"damage_healed":0,"gold_gain":75,"player_choice":"Gather Gold","damage_taken":11,"max_hp_gain":0,"max_hp_loss":0,"event_name":"World of Goop","floor":5,"gold_loss":0},{"damage_healed":0,"gold_gain":30,"player_choice":"Searched \u00273\u0027 times","damage_taken":0,"max_hp_gain":0,"max_hp_loss":0,"event_name":"Dead Adventurer","floor":11,"gold_loss":0}],"is_beta":false,"boss_relics":[],"items_purged_floors":[],"is_endless":false,"potions_floor_spawned":[1,4,6],"killed_by":"Lagavulin","ascension_level":20}