{"gold_per_floor":[413,14,14,14,28,59,59,76,76,76,105,105,119,136,136,232,232,249,249,266,280,196,196,111,126,149,149,74,74,87,107,107,212,212,227,227,100,175,191,191,191,211,237,237,256,256,285,301,301,301],"floor_reached":51,"playtime":2187,"items_purged":["Strike_G","Defend_G"],"score":737,"play_id":"cdc902fd-9ac2-4a7d-8ee9-7837cee900b0","local_time":"20190702160836","is_ascension_mode":false,"campfire_choices":[{"data":"Deadly Poison","floor":7.0,"key":"SMITH"},{"data":"Predator","floor":10.0,"key":"SMITH"},{"data":"Night Terror","floor":15.0,"key":"SMITH"},{"data":"Noxious Fumes","floor":23.0,"key":"SMITH"},{"floor":27.0,"key":"REST"},{"data":"Discovery","floor":29,"key":"SMITH"},{"floor":32,"key":"REST"},{"data":"Footwork","floor":40,"key":"SMITH"},{"floor":46,"key":"REST"},{"floor":49,"key":"REST"}],"neow_cost":"TEN_PERCENT_HP_LOSS","seed_source_timestamp":285057277051700,"circlet_count":0,"master_deck":["Strike_G","Defend_G","Defend_G","Defend_G","Defend_G","Survivor","Neutralize","Backflip","Night Terror+1","Predator+1","Deadly Poison+1","Acrobatics","Caltrops","PiercingWail","Grand Finale","Dagger Throw+1","Well Laid Plans","Noxious Fumes+1","Discovery+1","Blur+1","Deadly Poison","Footwork+1","Tools of the Trade","Acrobatics+1","Noxious Fumes","Madness","Madness","Noxious Fumes+1"],"special_seed":0,"relics":["Ring of the Serpent","Old Coin","Membership Card","PreservedInsect","Sundial","Blue Candle","Shuriken","Ice Cream","Orichalcum","Paper Crane","Lantern","Sozu","Bag of Preparation","Boot","Omamori"],"potions_floor_usage":[33,33,42,50],"damage_taken":[{"damage":6.0,"enemies":"Cultist","floor":1.0,"turns":4.0},{"damage":3.0,"enemies":"Jaw Worm","floor":5.0,"turns":6.0},{"damage":5.0,"enemies":"3 Sentries","floor":6.0,"turns":9.0},{"damage":0.0,"enemies":"Small Slimes","floor":8.0,"turns":3.0},{"damage":0.0,"enemies":"Lagavulin","floor":11.0,"turns":5.0},{"damage":1.0,"enemies":"Gremlin Gang","floor":13.0,"turns":5.0},{"damage":10.0,"enemies":"Lots of Slimes","floor":14.0,"turns":4.0},{"damage":8.0,"enemies":"Hexaghost","floor":16.0,"turns":9.0},{"damage":14.0,"enemies":"Chosen","floor":18.0,"turns":4.0},{"damage":12.0,"enemies":"Shell Parasite","floor":20.0,"turns":4.0},{"damage":9.0,"enemies":"Chosen and Byrds","floor":21.0,"turns":3.0},{"damage":18.0,"enemies":"Snake Plant","floor":25.0,"turns":3.0},{"damage":7,"enemies":"Snecko","floor":30,"turns":5},{"damage":4,"enemies":"Centurion and Healer","floor":31,"turns":4},{"damage":32,"enemies":"Automaton","floor":33,"turns":9},{"damage":6,"enemies":"Orb Walker","floor":35,"turns":4},{"damage":0,"enemies":"3 Darklings","floor":39,"turns":6},{"damage":12,"enemies":"Transient","floor":42,"turns":5},{"damage":12,"enemies":"Sphere and 2 Shapes","floor":45,"turns":6},{"damage":24,"enemies":"Nemesis","floor":47,"turns":7},{"damage":2,"enemies":"3 Darklings","floor":48,"turns":5},{"damage":16,"enemies":"Time Eater","floor":50,"turns":9}],"seed_played":"3311128667300744771","potions_obtained":[{"floor":6.0,"key":"GhostInAJar"},{"floor":8.0,"key":"SkillPotion"},{"floor":14.0,"key":"Poison Potion"},{"floor":18.0,"key":"Fire Potion"},{"floor":30,"key":"Dexterity Potion"},{"floor":33,"key":"SpeedPotion"}],"is_trial":false,"path_per_floor":["M","$","?","$","M","E","R","M","T","R","E","?","M","M","R","B",null,"M","?","M","M","$","R","?","M","T","R","?","R","M","M","R","B",null,"M","?","$","?","M","R","?","M","T","?","M","R","E","M","R","B",null],"character_chosen":"THE_SILENT","items_purchased":["Membership Card","PreservedInsect","Sundial","Discovery","Bag of Preparation"],"campfire_rested":4,"item_purchase_floors":[2,2,2,22,37],"current_hp_per_floor":[57,57,57,57,54,49,49,49,49,49,49,49,48,38,38,30,63,49,49,37,28,28,28,28,10,10,28,28,28,21,17,35,3,63,57,57,57,51,51,51,51,39,39,31,19,37,13,11,29,13],"gold":301,"neow_bonus":"ONE_RARE_RELIC","is_prod":false,"is_daily":false,"chose_seed":false,"campfire_upgraded":6,"win_rate":0,"timestamp":1562051316,"path_taken":["M","$","?","?","M","E","R","M","T","R","E","?","M","?","R","BOSS","M","?","?","M","?","R","?","M","T","R","?","R","M","M","R","BOSS","M","?","$","?","?","R","?","M","T","?","M","R","E","M","R","BOSS"],"build_version":"2019-07-01","purchased_purges":2,"victory":true,"max_hp_per_floor":[63,63,63,63,63,63,63,63,63,63,63,63,63,63,63,63,63,63,63,63,63,63,63,63,63,63,63,63,63,63,63,63,63,63,63,63,63,63,63,63,63,63,63,63,63,63,63,63,63,63],"card_choices":[{"not_picked":["Quick Slash","Dodge and Roll"],"picked":"Backflip","floor":1.0},{"not_picked":["Tactician","Accuracy"],"picked":"Deadly Poison","floor":5.0},{"not_picked":["Poisoned Stab","Dagger Throw"],"picked":"Acrobatics","floor":6.0},{"not_picked":["Deflect","Outmaneuver","Finisher"],"picked":"SKIP","floor":8.0},{"not_picked":["Dodge and Roll","Terror"],"picked":"Caltrops","floor":11.0},{"not_picked":["Choke","Expertise","Concentrate"],"picked":"SKIP","floor":13.0},{"not_picked":["Flying Knee","Backflip"],"picked":"PiercingWail","floor":14.0},{"not_picked":["Night Terror","Wraith Form v2"],"picked":"Grand Finale","floor":16.0},{"not_picked":["Deflect","Slice"],"picked":"Dagger Throw+1","floor":18.0},{"not_picked":["Tactician","Eviscerate"],"picked":"Well Laid Plans","floor":20.0},{"not_picked":["Deadly Poison","Cloak And Dagger"],"picked":"Noxious Fumes","floor":21.0},{"not_picked":["Acrobatics+1","Prepared"],"picked":"Blur+1","floor":25.0},{"not_picked":["Masterful Stab","Dodge and Roll"],"picked":"Deadly Poison","floor":30},{"not_picked":["Choke+1","Poisoned Stab+1"],"picked":"Footwork","floor":31},{"not_picked":["Envenom","Die Die Die"],"picked":"Tools of the Trade","floor":33},{"not_picked":["Deadly Poison+1","Prepared"],"picked":"Acrobatics+1","floor":35},{"not_picked":["Flying Knee","Dash+1","Distraction+1"],"picked":"SKIP","floor":39},{"not_picked":["Flying Knee+1","Slice"],"picked":"Noxious Fumes","floor":42},{"not_picked":["Finisher","Bane","Flying Knee+1"],"picked":"SKIP","floor":45},{"not_picked":["Finisher","Bane","Flying Knee+1"],"picked":"SKIP","floor":45},{"not_picked":["Backstab","Dagger Throw+1","Skewer"],"picked":"SKIP","floor":47},{"not_picked":["Bane","Wraith Form v2"],"picked":"Noxious Fumes+1","floor":48}],"player_experience":899230,"relics_obtained":[{"floor":6.0,"key":"Blue Candle"},{"floor":9.0,"key":"Shuriken"},{"floor":11.0,"key":"Ice Cream"},{"floor":26.0,"key":"Lantern"},{"floor":43,"key":"Boot"},{"floor":47,"key":"Omamori"}],"event_choices":[{"damage_healed":0.0,"max_hp_gain":0.0,"max_hp_loss":0.0,"gold_gain":0.0,"event_name":"Match and Keep!","player_choice":"2 cards matched","floor":3.0,"gold_loss":0.0,"damage_taken":0.0,"cards_obtained":["Night Terror","Predator"]},{"damage_healed":0.0,"max_hp_gain":0.0,"max_hp_loss":0.0,"gold_gain":0.0,"event_name":"Dead Adventurer","player_choice":"Searched \u00271\u0027 times","floor":12.0,"gold_loss":0.0,"damage_taken":0.0,"relics_obtained":["Orichalcum"]},{"cards_removed":["Strike_G"],"damage_healed":0.0,"max_hp_gain":0.0,"max_hp_loss":0.0,"gold_gain":0.0,"event_name":"Bonfire Elementals","player_choice":"Offered Basic","floor":19.0,"gold_loss":0.0,"damage_taken":0.0},{"damage_healed":0.0,"max_hp_gain":0.0,"max_hp_loss":0.0,"gold_gain":0.0,"event_name":"Addict","player_choice":"Obtained Relic","floor":24.0,"gold_loss":85.0,"damage_taken":0.0,"relics_obtained":["Paper Crane"]},{"cards_removed":["Strike_G"],"damage_healed":0.0,"max_hp_gain":0.0,"max_hp_loss":0.0,"gold_gain":0.0,"event_name":"Beggar","player_choice":"Gave Gold","floor":28.0,"gold_loss":75.0,"damage_taken":0.0},{"cards_removed":["Strike_G"],"damage_healed":0,"gold_gain":0,"player_choice":"Removed Attack","damage_taken":0,"max_hp_gain":0,"max_hp_loss":0,"event_name":"Falling","floor":36,"gold_loss":0},{"damage_healed":0,"gold_gain":75,"player_choice":"Touch","damage_taken":6,"max_hp_gain":0,"max_hp_loss":0,"event_name":"FaceTrader","floor":38,"gold_loss":0},{"damage_healed":0,"gold_gain":0,"player_choice":"Ignored","damage_taken":0,"max_hp_gain":0,"max_hp_loss":0,"event_name":"Tomb of Lord Red Mask","floor":41,"gold_loss":0},{"damage_healed":0,"gold_gain":0,"player_choice":"Embrace Madness","damage_taken":8,"max_hp_gain":0,"max_hp_loss":0,"event_name":"Winding Halls","floor":44,"gold_loss":0,"cards_obtained":["Madness","Madness"]}],"is_beta":false,"boss_relics":[{"not_picked":["HoveringKite","Tiny House"],"picked":"Ring of the Serpent"},{"not_picked":["Velvet Choker","WristBlade"],"picked":"Sozu"}],"items_purged_floors":[22,37],"is_endless":false,"potions_floor_spawned":[6,8,14,18,30,33,35,42],"ascension_level":0}