{"gold_per_floor":[109,184,154,172,184,184,284,309,309,319,330,330,330,365,365,468,468,487,487,487,487,503,85,28,41,41,60,60,388,402,433,433,528,528,546,288,298,84,102,102,130,130,155,168,185,185,196,230,230,230,230,230,34,59,59],"floor_reached":56,"playtime":1382,"items_purged":["Strike_R","Strike_R","Strike_R"],"score":1407,"play_id":"7c248a6d-4756-4f6e-ba17-650ccf4860c5","local_time":"20190702153052","is_ascension_mode":false,"campfire_choices":[{"data":"Whirlwind","floor":6.0,"key":"SMITH"},{"data":"Bash","floor":13.0,"key":"SMITH"},{"data":"Shockwave","floor":15.0,"key":"SMITH"},{"data":"Dual Wield","floor":28.0,"key":"SMITH"},{"data":"Dark Embrace","floor":32.0,"key":"SMITH"},{"data":"Sentinel","floor":40.0,"key":"SMITH"},{"data":"Shockwave","floor":46.0,"key":"SMITH"},{"floor":49.0,"key":"RECALL"},{"data":"Power Through","floor":52,"key":"SMITH"}],"neow_cost":"NONE","seed_source_timestamp":0,"circlet_count":0,"master_deck":["Strike_R","Defend_R","Defend_R","Defend_R+1","Defend_R","Bash+1","Whirlwind+1","Seeing Red","Shockwave+1","Fiend Fire","Corruption","Dual Wield+1","Necronomicurse","Seeing Red","Heavy Blade+1","Burning Pact","Offering","Dark Embrace+1","Barricade","Spot Weakness","Power Through+1","Sentinel+1","Shockwave+1","Spot Weakness+1","Inflame+1","Thunderclap","Power Through+1","Berserk","Evolve+1","Entrench+1"],"special_seed":0,"relics":["Burning Blood","NeowsBlessing","Ornamental Fan","Gremlin Horn","Calipers","Snecko Eye","Happy Flower","Necronomicon","Medical Kit","Oddly Smooth Stone","Paper Frog","Pantograph","Old Coin","Mummified Hand","Runic Cube","Omamori","Red Skull","Bottled Tornado","War Paint"],"potions_floor_usage":[50,50,50,50,55],"damage_taken":[{"damage":0.0,"enemies":"2 Louse","floor":1.0,"turns":1.0},{"damage":0.0,"enemies":"Jaw Worm","floor":4.0,"turns":1.0},{"damage":0.0,"enemies":"Cultist","floor":5.0,"turns":1.0},{"damage":18.0,"enemies":"3 Sentries","floor":8.0,"turns":4.0},{"damage":21.0,"enemies":"Blue Slaver","floor":10.0,"turns":4.0},{"damage":0.0,"enemies":"Gremlin Gang","floor":11.0,"turns":2.0},{"damage":16.0,"enemies":"Gremlin Nob","floor":14.0,"turns":4.0},{"damage":37.0,"enemies":"Slime Boss","floor":16.0,"turns":10.0},{"damage":10.0,"enemies":"Spheric Guardian","floor":18.0,"turns":3.0},{"damage":5.0,"enemies":"2 Thieves","floor":22.0,"turns":2.0},{"damage":0.0,"enemies":"Shelled Parasite and Fungi","floor":25.0,"turns":1.0},{"damage":0.0,"enemies":"Sentry and Sphere","floor":27.0,"turns":1.0},{"damage":18.0,"enemies":"Book of Stabbing","floor":29.0,"turns":3.0},{"damage":6.0,"enemies":"Snecko","floor":30.0,"turns":3.0},{"damage":14.0,"enemies":"Gremlin Leader","floor":31.0,"turns":2.0},{"damage":6.0,"enemies":"Collector","floor":33.0,"turns":2.0},{"damage":7.0,"enemies":"3 Darklings","floor":35.0,"turns":2.0},{"damage":0.0,"enemies":"3 Shapes","floor":37.0,"turns":1.0},{"damage":0.0,"enemies":"Sphere and 2 Shapes","floor":39.0,"turns":1.0},{"damage":6.0,"enemies":"Nemesis","floor":41.0,"turns":1.0},{"damage":6.0,"enemies":"Jaw Worm Horde","floor":44.0,"turns":1.0},{"damage":6.0,"enemies":"Transient","floor":45.0,"turns":4.0},{"damage":8.0,"enemies":"3 Darklings","floor":47.0,"turns":2.0},{"damage":10.0,"enemies":"Reptomancer","floor":48.0,"turns":2.0},{"damage":67,"enemies":"Awakened One","floor":50,"turns":5},{"damage":19,"enemies":"Shield and Spear","floor":54,"turns":3},{"damage":10,"enemies":"The Heart","floor":55,"turns":4}],"seed_played":"8620820508209489020","potions_obtained":[{"floor":1.0,"key":"Swift Potion"},{"floor":3.0,"key":"EntropicBrew"},{"floor":3.0,"key":"SteroidPotion"},{"floor":11.0,"key":"Block Potion"},{"floor":14.0,"key":"Regen Potion"},{"floor":18.0,"key":"Energy Potion"},{"floor":29.0,"key":"Fire Potion"},{"floor":48.0,"key":"Strength Potion"}],"is_trial":false,"path_per_floor":["M","?","?","M","M","R","?","E","T","M","M","?","R","E","R","B",null,"M","?","T","?","M","$","?","M","T","M","R","E","M","E","R","B",null,"M","$","M","$","M","R","E","?","T","M","M","R","M","E","R","B",null,"R","$","E","B",null],"character_chosen":"IRONCLAD","items_purchased":["Medical Kit","Oddly Smooth Stone","Spot Weakness","Power Through","Omamori","Sentinel","Shockwave","Entrench"],"campfire_rested":0,"item_purchase_floors":[23,23,36,36,36,38,38,53],"current_hp_per_floor":[80,69,69,75,80,80,80,68,68,53,59,59,59,49,49,33,80,76,76,76,60,61,61,61,67,67,73,73,61,61,53,53,78,80,79,79,80,80,80,80,80,80,80,80,80,80,78,74,74,19,80,80,80,67,76],"gold":59,"neow_bonus":"THREE_ENEMY_KILL","is_prod":false,"is_daily":false,"chose_seed":false,"campfire_upgraded":8,"win_rate":0,"timestamp":1562049052,"path_taken":["M","?","?","M","?","R","?","E","T","?","M","?","R","E","R","BOSS","M","?","?","?","?","?","?","M","T","M","R","E","M","E","R","BOSS","M","$","M","$","?","R","E","?","T","M","M","R","?","E","R","BOSS","R","$","E","BOSS"],"build_version":"2019-07-01","purchased_purges":3,"victory":true,"max_hp_per_floor":[80,80,80,80,80,80,80,80,80,80,80,80,80,80,80,80,80,80,80,80,80,80,80,80,80,80,80,80,80,80,80,80,80,80,80,80,80,80,80,80,80,80,80,80,80,80,80,80,80,80,80,80,80,80,80],"card_choices":[{"not_picked":["Armaments","Cleave"],"picked":"Whirlwind","floor":1.0},{"not_picked":["Cleave","Body Slam","Iron Wave"],"picked":"SKIP","floor":4.0},{"not_picked":["Reckless Charge","Dropkick","Warcry"],"picked":"SKIP","floor":5.0},{"not_picked":["Havoc","Clash","Metallicize"],"picked":"SKIP","floor":8.0},{"not_picked":["Dropkick","Warcry","Heavy Blade"],"picked":"SKIP","floor":10.0},{"not_picked":["Perfected Strike","Armaments"],"picked":"Seeing Red","floor":11.0},{"not_picked":["Cleave","Clash"],"picked":"Shockwave","floor":14.0},{"not_picked":["Juggernaut","Brutality"],"picked":"Fiend Fire","floor":16.0},{"not_picked":["Wild Strike","Heavy Blade"],"picked":"Corruption","floor":18.0},{"not_picked":["Rupture","Rampage"],"picked":"Seeing Red","floor":22.0},{"not_picked":["Headbutt","Body Slam"],"picked":"Heavy Blade+1","floor":25.0},{"not_picked":["Heavy Blade","Hemokinesis"],"picked":"Burning Pact","floor":27.0},{"not_picked":["Disarm","Shrug It Off"],"picked":"Offering","floor":29.0},{"not_picked":["Wild Strike+1","Cleave","Reckless Charge"],"picked":"SKIP","floor":30.0},{"not_picked":["Berserk","Blood for Blood"],"picked":"Dark Embrace","floor":31.0},{"not_picked":["Dark Embrace","Berserk"],"picked":"Barricade","floor":33.0},{"not_picked":["Heavy Blade+1","Havoc+1","Warcry+1"],"picked":"SKIP","floor":35.0},{"not_picked":["Wild Strike","Heavy Blade","Iron Wave+1"],"picked":"SKIP","floor":37.0},{"not_picked":["Heavy Blade","Blood for Blood+1"],"picked":"Spot Weakness+1","floor":39.0},{"not_picked":["Cleave+1","Perfected Strike"],"picked":"Inflame+1","floor":41.0},{"not_picked":["Searing Blow+1","Twin Strike","Intimidate"],"picked":"SKIP","floor":44.0},{"not_picked":["Rage+1","Carnage+1"],"picked":"Power Through+1","floor":45.0},{"not_picked":["Ghostly Armor","Clash"],"picked":"Berserk","floor":47.0},{"not_picked":["Cleave","Burning Pact+1"],"picked":"Evolve+1","floor":48.0},{"not_picked":["Flex+1","Whirlwind+1","Clothesline+1"],"picked":"SKIP","floor":54},{"not_picked":["Flex+1","Whirlwind+1","Clothesline+1"],"picked":"SKIP","floor":54}],"player_experience":897848,"relics_obtained":[{"floor":8.0,"key":"Ornamental Fan"},{"floor":9.0,"key":"Gremlin Horn"},{"floor":14.0,"key":"Calipers"},{"floor":20.0,"key":"Happy Flower"},{"floor":21.0,"key":"Necronomicon"},{"floor":26.0,"key":"Pantograph"},{"floor":29.0,"key":"Old Coin"},{"floor":31.0,"key":"Mummified Hand"},{"floor":41.0,"key":"Red Skull"},{"floor":48.0,"key":"Bottled Tornado"},{"floor":54,"key":"War Paint"}],"event_choices":[{"damage_healed":0.0,"max_hp_gain":0.0,"max_hp_loss":0.0,"gold_gain":75.0,"event_name":"World of Goop","player_choice":"Gather Gold","floor":2.0,"gold_loss":0.0,"damage_taken":11.0},{"damage_healed":0.0,"max_hp_gain":0.0,"max_hp_loss":0.0,"gold_gain":0.0,"event_name":"The Woman in Blue","player_choice":"Bought 2 Potions","floor":3.0,"gold_loss":0.0,"damage_taken":0.0},{"damage_healed":0.0,"max_hp_gain":0.0,"max_hp_loss":0.0,"gold_gain":100.0,"event_name":"Wheel of Change","player_choice":"Gold","floor":7.0,"gold_loss":0.0,"damage_taken":0.0},{"damage_healed":0.0,"max_hp_gain":0.0,"max_hp_loss":0.0,"gold_gain":0.0,"event_name":"Liars Game","player_choice":"Ignored","floor":12.0,"gold_loss":0.0,"damage_taken":0.0},{"damage_healed":0.0,"max_hp_gain":0.0,"max_hp_loss":0.0,"gold_gain":0.0,"event_name":"The Library","player_choice":"Read","floor":19.0,"gold_loss":0.0,"damage_taken":0.0,"cards_obtained":["Dual Wield"]},{"damage_healed":0.0,"max_hp_gain":0.0,"max_hp_loss":0.0,"gold_gain":0.0,"event_name":"Cursed Tome","player_choice":"Obtained Book","floor":21.0,"gold_loss":0.0,"damage_taken":16.0},{"damage_healed":0.0,"max_hp_gain":0.0,"max_hp_loss":0.0,"gold_gain":0.0,"event_name":"WeMeetAgain","player_choice":"Paid Gold","floor":24.0,"gold_loss":57.0,"damage_taken":0.0,"relics_obtained":["Paper Frog"]},{"damage_healed":0.0,"max_hp_gain":0.0,"max_hp_loss":0.0,"gold_gain":0.0,"cards_transformed":["Strike_R"],"event_name":"Transmorgrifier","player_choice":"Transformed","floor":42.0,"gold_loss":0.0,"damage_taken":0.0,"cards_obtained":["Thunderclap"]}],"is_beta":false,"boss_relics":[{"not_picked":["Sozu","Calling Bell"],"picked":"Snecko Eye"},{"not_picked":["Eternal Feather","Tiny House"],"picked":"Runic Cube"}],"items_purged_floors":[23,38,53],"is_endless":false,"potions_floor_spawned":[1,11,14,18,29,30,35,41,44,48],"ascension_level":0}