{"gold_per_floor":[413,68,82,95,95,123,123,148,194,194,213,239,269,289,289,363,363,379,397,497,512,525,525,539,574,598,598,629,629,396,453,453,453],"floor_reached":33,"playtime":1164,"items_purged":["Strike_R"],"score":700,"play_id":"75e37947-c93d-4bd2-a9cd-7a81054e488c","local_time":"20190620132012","is_ascension_mode":true,"campfire_choices":[{"data":"Carnage","floor":7.0,"key":"SMITH"},{"floor":10.0,"key":"REST"},{"data":"Whirlwind","floor":15.0,"key":"SMITH"},{"data":"Immolate","floor":23,"key":"SMITH"},{"floor":27,"key":"REST"},{"data":"Shrug It Off","floor":29,"key":"SMITH"},{"data":"True Grit","floor":32,"key":"SMITH"}],"neow_cost":"TEN_PERCENT_HP_LOSS","seed_source_timestamp":0,"circlet_count":0,"master_deck":["AscendersBane","Strike_R+1","Strike_R+1","Strike_R","Strike_R","Defend_R","Defend_R+1","Defend_R","Defend_R","Bash","Carnage+1","Shrug It Off+1","Whirlwind+1","Seeing Red","Rampage","Battle Trance+1","Immolate+1","Evolve+1","Dual Wield+1","Limit Break","Feel No Pain+1","True Grit+1"],"special_seed":0,"relics":["Burning Blood","Old Coin","Juzu Bracelet","Bag of Marbles","Frozen Egg 2","Regal Pillow","Whetstone","Centennial Puzzle","Potion Belt","Philosopher\u0027s Stone","Magic Flower","Ornamental Fan","Singing Bowl","War Paint","Dream Catcher","Tiny Chest"],"potions_floor_usage":[20,28,31,33,33,33],"damage_taken":[{"damage":13.0,"enemies":"Small Slimes","floor":1.0,"turns":5.0},{"damage":7.0,"enemies":"Jaw Worm","floor":3.0,"turns":2.0},{"damage":1.0,"enemies":"Cultist","floor":4.0,"turns":4.0},{"damage":32.0,"enemies":"3 Sentries","floor":6.0,"turns":6.0},{"damage":32.0,"enemies":"Lagavulin","floor":8.0,"turns":5.0},{"damage":0.0,"enemies":"Looter","floor":11.0,"turns":2.0},{"damage":30.0,"enemies":"3 Sentries","floor":13.0,"turns":7.0},{"damage":9.0,"enemies":"Gremlin Gang","floor":14.0,"turns":4.0},{"damage":22.0,"enemies":"The Guardian","floor":16.0,"turns":12.0},{"damage":7,"enemies":"2 Thieves","floor":18,"turns":2},{"damage":18,"enemies":"Shell Parasite","floor":19,"turns":3},{"damage":0,"enemies":"Colosseum Slavers","floor":20,"turns":1},{"damage":4,"enemies":"Colosseum Nobs","floor":20,"turns":3},{"damage":1,"enemies":"3 Cultists","floor":21,"turns":3},{"damage":15,"enemies":"Centurion and Healer","floor":22,"turns":4},{"damage":19,"enemies":"Snecko","floor":24,"turns":3},{"damage":17,"enemies":"Slavers","floor":25,"turns":2},{"damage":36,"enemies":"Gremlin Leader","floor":28,"turns":4},{"damage":0,"enemies":"Slavers","floor":31,"turns":1},{"damage":44,"enemies":"Collector","floor":33,"turns":7}],"seed_played":"7855455651031155831","potions_obtained":[{"floor":1.0,"key":"Fire Potion"},{"floor":8.0,"key":"BloodPotion"},{"floor":11.0,"key":"Ancient Potion"},{"floor":13.0,"key":"Poison Potion"},{"floor":14.0,"key":"Energy Potion"},{"floor":21,"key":"EssenceOfSteel"},{"floor":22,"key":"Strength Potion"},{"floor":24,"key":"Fire Potion"},{"floor":25,"key":"FearPotion"}],"is_trial":false,"path_per_floor":["M","$","M","M","?","E","R","E","T","R","M","T","E","M","R","B",null,"M","M","?","M","M","R","M","E","T","R","E","R","$","E","R","B"],"character_chosen":"IRONCLAD","items_purchased":["Juzu Bracelet","Bag of Marbles","Feel No Pain+1","PowerPotion","True Grit"],"campfire_rested":2,"item_purchase_floors":[2,2,30,30,30],"current_hp_per_floor":[61,61,60,65,65,39,39,13,13,48,54,54,36,33,33,17,55,54,42,50,58,52,52,42,36,36,70,43,43,43,54,54,10],"gold":453,"neow_bonus":"ONE_RARE_RELIC","is_prod":false,"is_daily":false,"chose_seed":false,"campfire_upgraded":5,"win_rate":0,"timestamp":1561004412,"path_taken":["M","$","M","M","?","E","R","E","T","R","M","?","E","M","R","BOSS","M","M","?","M","M","R","M","E","T","R","E","R","$","E","R","BOSS"],"build_version":"2019-01-23","purchased_purges":1,"victory":false,"max_hp_per_floor":[68,68,68,68,68,68,68,68,68,68,68,68,68,68,68,68,68,68,68,68,68,68,68,68,70,70,70,70,70,70,72,72,72],"card_choices":[{"not_picked":["Searing Blow","Body Slam"],"picked":"Carnage","floor":1.0},{"not_picked":["Havoc","Power Through"],"picked":"Shrug It Off","floor":3.0},{"not_picked":["Shrug It Off","Flex"],"picked":"Whirlwind","floor":4.0},{"not_picked":["Pummel","Searing Blow","Fire Breathing"],"picked":"SKIP","floor":6.0},{"not_picked":["Pummel","Cleave"],"picked":"Seeing Red","floor":8.0},{"not_picked":["Wild Strike","Warcry"],"picked":"Rampage","floor":11.0},{"not_picked":["Pommel Strike","Bloodletting","Corruption+1"],"picked":"SKIP","floor":13.0},{"not_picked":["Sword Boomerang","Immolate"],"picked":"Battle Trance","floor":14.0},{"not_picked":["Brutality+1","Limit Break"],"picked":"Immolate","floor":16.0},{"not_picked":["Flex","Anger","Clothesline"],"picked":"SKIP","floor":18},{"not_picked":["Uppercut","Power Through"],"picked":"Evolve+1","floor":19},{"not_picked":["Rage","Sword Boomerang"],"picked":"Dual Wield+1","floor":20},{"not_picked":["Wild Strike+1","Cleave","Fire Breathing+1"],"picked":"SKIP","floor":21},{"not_picked":["Sword Boomerang","Iron Wave","Body Slam"],"picked":"SKIP","floor":22},{"not_picked":["Pummel","Iron Wave+1","Heavy Blade"],"picked":"SKIP","floor":24},{"not_picked":["Wild Strike","Heavy Blade","Headbutt"],"picked":"Singing Bowl","floor":25},{"not_picked":["Sword Boomerang","Hemokinesis"],"picked":"Limit Break","floor":28},{"not_picked":["Armaments","Havoc+1","Anger"],"picked":"Singing Bowl","floor":31}],"player_experience":695646,"relics_obtained":[{"floor":6.0,"key":"Frozen Egg 2"},{"floor":8.0,"key":"Regal Pillow"},{"floor":9.0,"key":"Whetstone"},{"floor":12.0,"key":"Centennial Puzzle"},{"floor":13.0,"key":"Potion Belt"},{"floor":20,"key":"Magic Flower"},{"floor":20,"key":"Ornamental Fan"},{"floor":25,"key":"Singing Bowl"},{"floor":26,"key":"War Paint"},{"floor":28,"key":"Dream Catcher"},{"floor":31,"key":"Tiny Chest"}],"event_choices":[{"damage_healed":0.0,"max_hp_gain":0.0,"max_hp_loss":0.0,"gold_gain":0.0,"event_name":"Liars Game","player_choice":"Ignored","floor":5.0,"gold_loss":0.0,"damage_taken":0.0},{"damage_healed":0,"gold_gain":0,"player_choice":"Fight","damage_taken":0,"max_hp_gain":0,"max_hp_loss":0,"event_name":"Colosseum","floor":20,"gold_loss":0},{"damage_healed":0,"gold_gain":0,"player_choice":"Fought Nobs","damage_taken":0,"max_hp_gain":0,"max_hp_loss":0,"event_name":"Colosseum","floor":20,"gold_loss":0}],"is_beta":false,"boss_relics":[{"not_picked":["Velvet Choker","Cursed Key"],"picked":"Philosopher\u0027s Stone"}],"items_purged_floors":[30],"is_endless":false,"potions_floor_spawned":[1,8,11,13,14,20,21,22,24,25],"killed_by":"Collector","ascension_level":20}