{"gold_per_floor":[118,137,287,36,46,71,71,129,129,10,10,10,28,28,28,28],"floor_reached":16,"playtime":360,"items_purged":["Doubt"],"score":196,"play_id":"56e9a4aa-2e5c-47c5-b888-8b000d47b615","local_time":"20190625141656","is_ascension_mode":true,"campfire_choices":[{"data":"Bludgeon","floor":7.0,"key":"SMITH"},{"data":"Juggernaut","floor":12.0,"key":"SMITH"},{"data":"Bash","floor":15,"key":"SMITH"}],"neow_cost":"NONE","seed_source_timestamp":261881479978700,"circlet_count":0,"master_deck":["AscendersBane","Strike_R","Strike_R","Strike_R","Strike_R","Strike_R","Defend_R","Defend_R","Defend_R","Defend_R","Bash+1","Pommel Strike","Bludgeon+1","Feed","Juggernaut+1","Feel No Pain","Spot Weakness","Pain","Shrug It Off","Parasite"],"special_seed":0,"relics":["Burning Blood","NeowsBlessing","Singing Bowl","WarpedTongs"],"potions_floor_usage":[16],"damage_taken":[{"damage":0.0,"enemies":"2 Louse","floor":1.0,"turns":1.0},{"damage":0.0,"enemies":"Small Slimes","floor":2.0,"turns":1.0},{"damage":0.0,"enemies":"Jaw Worm","floor":5.0,"turns":1.0},{"damage":26.0,"enemies":"Lagavulin","floor":6.0,"turns":6.0},{"damage":40.0,"enemies":"3 Sentries","floor":8.0,"turns":8.0},{"damage":25.0,"enemies":"3 Louse","floor":13.0,"turns":4.0},{"damage":39,"enemies":"Hexaghost","floor":16,"turns":9}],"seed_played":"106540024763865927","potions_obtained":[{"floor":2.0,"key":"AttackPotion"},{"floor":5.0,"key":"Block Potion"},{"floor":13.0,"key":"BloodPotion"}],"is_trial":false,"path_per_floor":["M","M","?","$","M","E","R","?","T","$","?","R","M","?","R","B"],"character_chosen":"IRONCLAD","items_purchased":["Bludgeon","Feel No Pain","Spot Weakness"],"campfire_rested":0,"item_purchase_floors":[4,10,10],"current_hp_per_floor":[74,75,75,75,75,58,58,29,29,29,29,29,13,34,34,3],"gold":28,"neow_bonus":"THREE_ENEMY_KILL","is_prod":false,"is_daily":false,"chose_seed":false,"campfire_upgraded":3,"win_rate":0,"timestamp":1561439816,"path_taken":["M","M","?","$","M","E","R","?","T","?","?","R","?","?","R","BOSS"],"build_version":"2019-01-23","purchased_purges":1,"victory":false,"max_hp_per_floor":[75,75,75,75,75,78,78,83,83,83,83,83,86,86,86,86],"card_choices":[{"not_picked":["Warcry","Flex","Armaments"],"picked":"SKIP","floor":1.0},{"not_picked":["True Grit","Perfected Strike"],"picked":"Pommel Strike","floor":2.0},{"not_picked":["Cleave","Blood for Blood"],"picked":"Feed","floor":5.0},{"not_picked":["Shrug It Off","True Grit"],"picked":"Juggernaut","floor":6.0},{"not_picked":["Carnage","Dropkick","Burning Pact"],"picked":"Singing Bowl","floor":8.0},{"not_picked":["Intimidate","Whirlwind"],"picked":"Shrug It Off","floor":13.0}],"player_experience":796235,"relics_obtained":[{"floor":8.0,"key":"Singing Bowl"}],"event_choices":[{"damage_healed":0.0,"max_hp_gain":0.0,"max_hp_loss":0.0,"gold_gain":150.0,"event_name":"Liars Game","player_choice":"AGREE","floor":3.0,"gold_loss":0.0,"damage_taken":0.0,"cards_obtained":["Doubt"]},{"damage_healed":0.0,"max_hp_gain":0.0,"max_hp_loss":0.0,"gold_gain":30.0,"event_name":"Dead Adventurer","player_choice":"Searched \u00272\u0027 times","floor":8.0,"gold_loss":0.0,"damage_taken":0.0},{"damage_healed":0.0,"max_hp_gain":0.0,"max_hp_loss":0.0,"gold_gain":0.0,"event_name":"Accursed Blacksmith","player_choice":"Rummage","floor":11.0,"gold_loss":0.0,"damage_taken":0.0,"relics_obtained":["WarpedTongs"],"cards_obtained":["Pain"]},{"damage_healed":21,"gold_gain":0,"player_choice":"Healed and dodged fight","damage_taken":0,"max_hp_gain":0,"max_hp_loss":0,"event_name":"Mushrooms","floor":14,"gold_loss":0,"cards_obtained":["Parasite"]}],"is_beta":false,"boss_relics":[],"items_purged_floors":[4],"is_endless":false,"potions_floor_spawned":[2,5,13],"killed_by":"Hexaghost","ascension_level":20}