{"gold_per_floor":[110,110,130,130,148,148,175,175,255,255,271,271,284,49,49,128,128,145,145,145,161,73,73,106,106,106,139,59,93,93],"floor_reached":30,"playtime":861,"items_purged":["Strike_B","Writhe"],"score":528,"play_id":"b9d0cd5f-c649-4202-bf2b-46788864a8c8","local_time":"20190722171338","is_ascension_mode":true,"campfire_choices":[{"data":"Defragment","floor":6,"key":"SMITH"},{"floor":8,"key":"REST"},{"data":"Defragment","floor":12,"key":"SMITH"},{"data":"Blizzard","floor":15,"key":"SMITH"},{"data":"Loop","floor":23,"key":"SMITH"}],"neow_cost":"PERCENT_DAMAGE","seed_source_timestamp":265219075729599,"circlet_count":0,"master_deck":["AscendersBane","Defend_B+1","Defend_B","Defend_B+1","Defend_B+1","Zap","Dualcast+1","Coolheaded","Defragment+1","Cold Snap","Blizzard+1","Defragment+1","Cold Snap","Electrodynamics","Echo Form","Coolheaded","Turbo","Loop+1","Echo Form","Hologram+1"],"relics":["Cracked Core","War Paint","Tiny Chest","Runic Dome","Letter Opener","Incense Burner","The Courier","Gambling Chip","Red Mask","Potion Belt"],"potions_floor_usage":[7,16,24],"damage_taken":[{"damage":1,"enemies":"Small Slimes","floor":1,"turns":4},{"damage":2,"enemies":"2 Louse","floor":3,"turns":3},{"damage":0,"enemies":"Jaw Worm","floor":5,"turns":5},{"damage":12,"enemies":"3 Sentries","floor":7,"turns":7},{"damage":10,"enemies":"Lots of Slimes","floor":11,"turns":5},{"damage":1,"enemies":"Looter","floor":13,"turns":4},{"damage":4,"enemies":"The Guardian","floor":16,"turns":10},{"damage":5,"enemies":"Shell Parasite","floor":18,"turns":5},{"damage":0,"enemies":"Chosen","floor":21,"turns":6},{"damage":30,"enemies":"Slavers","floor":24,"turns":3},{"damage":10,"enemies":"Masked Bandits","floor":27,"turns":2},{"damage":2,"enemies":"Gremlin Leader","floor":29,"turns":6},{"damage":13,"enemies":"Centurion and Healer","floor":30,"turns":3}],"seed_played":"-7223457468916508339","potions_obtained":[{"floor":5,"key":"Fire Potion"},{"floor":11,"key":"Block Potion"},{"floor":18,"key":"Explosive Potion"}],"is_trial":false,"path_per_floor":["M","?","M","?","M","R","E","R","T","?","M","R","M","$","R","B",null,"M","?","T","M","$","R","E","?","T","?","$","E","M"],"character_chosen":"DEFECT","items_purchased":["Electrodynamics","Loop"],"campfire_rested":1,"item_purchase_floors":[14,22],"current_hp_per_floor":[45,45,43,22,22,22,10,31,31,24,14,14,13,13,13,9,56,51,51,51,51,51,51,21,21,21,11,11,9,0],"gold":93,"neow_bonus":"REMOVE_TWO","is_prod":false,"is_daily":false,"chose_seed":false,"campfire_upgraded":4,"win_rate":0,"timestamp":1563783218,"path_taken":["M","?","M","?","M","R","E","R","T","?","M","R","M","$","R","BOSS","M","?","?","?","$","R","E","?","T","?","?","E","?"],"build_version":"2019-07-17","purchased_purges":2,"victory":false,"max_hp_per_floor":[71,71,71,71,71,71,71,71,71,71,71,71,71,71,71,71,71,71,71,71,71,71,71,71,71,71,71,71,71,71],"card_choices":[{"not_picked":["Reprogram","Compile Driver"],"picked":"Coolheaded","floor":1},{"not_picked":["Barrage","Coolheaded"],"picked":"Defragment","floor":3},{"not_picked":["Steam","Turbo"],"picked":"Cold Snap","floor":5},{"not_picked":["Go for the Eyes","Coolheaded"],"picked":"Blizzard","floor":7},{"not_picked":["Scrape","White Noise"],"picked":"Defragment","floor":11},{"not_picked":["Undo","Beam Cell"],"picked":"Cold Snap","floor":13},{"not_picked":["Reboot","Amplify"],"picked":"Echo Form","floor":16},{"not_picked":["Rebound","Redo"],"picked":"Coolheaded","floor":18},{"not_picked":["Stack","Leap"],"picked":"Turbo","floor":21},{"not_picked":["Machine Learning","Gash+1"],"picked":"Echo Form","floor":24},{"not_picked":["Rebound","Melter"],"picked":"Hologram+1","floor":29}],"player_experience":1129744,"relics_obtained":[{"floor":7,"key":"War Paint"},{"floor":9,"key":"Tiny Chest"},{"floor":20,"key":"Incense Burner"},{"floor":24,"key":"The Courier"},{"floor":26,"key":"Gambling Chip"},{"floor":27,"key":"Red Mask"},{"floor":29,"key":"Potion Belt"}],"event_choices":[{"damage_healed":0,"gold_gain":0,"player_choice":"Ignored","damage_taken":0,"max_hp_gain":0,"max_hp_loss":0,"event_name":"Liars Game","floor":2,"gold_loss":0},{"damage_healed":0,"gold_gain":0,"player_choice":"Entered Light","damage_taken":21,"max_hp_gain":0,"max_hp_loss":0,"event_name":"Shining Light","floor":4,"gold_loss":0,"cards_upgraded":["Defend_B","Defend_B"]},{"cards_removed":["Strike_B"],"damage_healed":0,"gold_gain":0,"player_choice":"Card Removal","damage_taken":7,"max_hp_gain":0,"max_hp_loss":0,"event_name":"Golden Wing","floor":10,"gold_loss":0},{"damage_healed":0,"gold_gain":0,"player_choice":"Opened","damage_taken":0,"relics_obtained":["Letter Opener"],"max_hp_gain":0,"max_hp_loss":0,"event_name":"The Mausoleum","floor":19,"gold_loss":0,"cards_obtained":["Writhe"]},{"damage_healed":0,"gold_gain":0,"player_choice":"Ignored","damage_taken":0,"max_hp_gain":0,"max_hp_loss":0,"event_name":"Cursed Tome","floor":25,"gold_loss":0},{"damage_healed":0,"gold_gain":0,"player_choice":"Fought Bandits","damage_taken":0,"max_hp_gain":0,"max_hp_loss":0,"event_name":"Masked Bandits","floor":27,"gold_loss":0}],"is_beta":false,"boss_relics":[{"not_picked":["Busted Crown","Orrery"],"picked":"Runic Dome"}],"items_purged_floors":[14,28],"is_endless":false,"potions_floor_spawned":[5,11,18],"killed_by":"Centurion and Healer","ascension_level":20}