{"gold_per_floor":[113,113,113,113,131,131,165,165,189,189,50,50,70,104,104,209,209,227,227,237,25,45,80,80,93,93,93,105,105,30,30,30,130,130,144,15,25,40,53,53,82,82,82,92,92,111,11,11],"floor_reached":48,"playtime":2293,"items_purged":["Injury","Shame"],"score":733,"play_id":"db36edf7-ab98-4d2e-9540-14eee63b1f6f","local_time":"20190615113445","is_ascension_mode":true,"campfire_choices":[{"data":"Leg Sweep","floor":6.0,"key":"SMITH"},{"floor":8.0,"key":"REST"},{"data":"Deadly Poison","floor":12.0,"key":"SMITH"},{"floor":15.0,"key":"REST"},{"floor":24.0,"key":"REST"},{"data":"Burst","floor":27.0,"key":"SMITH"},{"data":"Night Terror","floor":29.0,"key":"SMITH"},{"data":"Bane","floor":32.0,"key":"SMITH"},{"data":"Noxious Fumes","floor":40.0,"key":"SMITH"},{"data":"Noxious Fumes","floor":42.0,"key":"SMITH"}],"neow_cost":"NONE","seed_source_timestamp":144799665216747,"circlet_count":0,"master_deck":["Defend_G","Defend_G","Defend_G","Defend_G","Defend_G","Strike_G+1","Strike_G","Strike_G+1","Strike_G","Strike_G","Survivor+1","Neutralize","Leg Sweep+1","Bane","Flying Knee","Deadly Poison+1","Bane+1","Night Terror+1","Corpse Explosion","Burst+1","Masterful Stab","Backflip","Madness+1","Crippling Poison+1","Poisoned Stab","Riddle With Holes+1","Corpse Explosion","Backstab","Noxious Fumes+1","Distraction+1","Noxious Fumes+1","Deadly Poison","Setup+1","Footwork+1","Parasite"],"special_seed":0,"relics":["Ring of the Snake","Lantern","PreservedInsect","Bag of Marbles","Whetstone","Cursed Key","War Paint","Incense Burner","Eternal Feather","Vajra","Sundial"],"potions_floor_usage":[48],"damage_taken":[{"damage":6.0,"enemies":"Cultist","floor":1.0,"turns":4.0},{"damage":0.0,"enemies":"2 Louse","floor":5.0,"turns":4.0},{"damage":18.0,"enemies":"Gremlin Nob","floor":7.0,"turns":5.0},{"damage":0.0,"enemies":"Jaw Worm","floor":13.0,"turns":1.0},{"damage":8.0,"enemies":"3 Sentries","floor":14.0,"turns":7.0},{"damage":16.0,"enemies":"Slime Boss","floor":16.0,"turns":10.0},{"damage":9.0,"enemies":"Shell Parasite","floor":18.0,"turns":4.0},{"damage":0.0,"enemies":"Spheric Guardian","floor":20.0,"turns":4.0},{"damage":4.0,"enemies":"Snake Plant","floor":22.0,"turns":3.0},{"damage":7.0,"enemies":"Gremlin Leader","floor":23.0,"turns":4.0},{"damage":2.0,"enemies":"Chosen and Byrds","floor":25.0,"turns":4.0},{"damage":4.0,"enemies":"Centurion and Healer","floor":28.0,"turns":5.0},{"damage":56.0,"enemies":"Collector","floor":33.0,"turns":9.0},{"damage":3.0,"enemies":"3 Darklings","floor":35.0,"turns":4.0},{"damage":0.0,"enemies":"3 Shapes","floor":37.0,"turns":4.0},{"damage":5.0,"enemies":"Transient","floor":38.0,"turns":5.0},{"damage":0.0,"enemies":"Jaw Worm Horde","floor":39.0,"turns":2.0},{"damage":28.0,"enemies":"Nemesis","floor":41.0,"turns":5.0},{"damage":17.0,"enemies":"Maw","floor":44.0,"turns":7.0},{"damage":27,"enemies":"Writhing Mass","floor":46,"turns":7},{"damage":33,"enemies":"Spire Growth","floor":48,"turns":4}],"seed_played":"3030413205339151602","potions_obtained":[{"floor":5.0,"key":"Strength Potion"},{"floor":7.0,"key":"Explosive Potion"},{"floor":13.0,"key":"Block Potion"},{"floor":18.0,"key":"SpeedPotion"},{"floor":20.0,"key":"PowerPotion"},{"floor":25.0,"key":"Fire Potion"},{"floor":33.0,"key":"SpeedPotion"},{"floor":37.0,"key":"Regen Potion"},{"floor":38.0,"key":"EssenceOfSteel"},{"floor":46,"key":"Strength Potion"}],"is_trial":false,"path_per_floor":["M","?","$","?","M","R","E","R","T","?","$","R","M","E","R","B",null,"M","?","M","$","M","E","R","M","T","R","M","R","$","?","R","B",null,"M","$","M","M","M","R","E","R","T","M","?","M","$","M"],"character_chosen":"THE_SILENT","items_purchased":["Deadly Poison","Bane","SkillPotion","Masterful Stab","PowerPotion","Madness","Noxious Fumes","PowerPotion"],"campfire_rested":3,"item_purchase_floors":[11,11,11,21,21,21,36,36],"current_hp_per_floor":[57,62,62,62,62,62,44,66,66,66,66,66,66,58,75,59,71,62,55,55,55,51,44,66,64,64,64,60,60,60,75,75,19,61,58,58,58,53,53,71,43,61,61,58,58,31,31,0],"gold":11,"neow_bonus":"RANDOM_COMMON_RELIC","is_prod":false,"is_daily":false,"chose_seed":false,"campfire_upgraded":7,"win_rate":0,"timestamp":1560587685,"path_taken":["M","?","$","?","M","R","E","R","T","?","$","R","M","E","R","BOSS","M","?","M","?","M","E","R","M","T","R","M","R","$","?","R","BOSS","M","$","M","?","M","R","E","R","T","?","?","M","$","M"],"build_version":"2019-01-23","purchased_purges":2,"victory":false,"max_hp_per_floor":[70,75,75,75,75,75,75,75,75,75,75,75,75,75,75,75,75,75,75,75,75,75,75,75,75,75,75,75,75,75,75,75,75,75,75,75,75,75,75,75,75,75,75,75,75,75,75,75],"card_choices":[{"not_picked":["Outmaneuver","Well Laid Plans"],"picked":"Leg Sweep","floor":1.0},{"not_picked":["Backflip","Skewer"],"picked":"Bane","floor":5.0},{"not_picked":["Slice","Sucker Punch"],"picked":"Flying Knee","floor":7.0},{"not_picked":["Deflect","Sucker Punch"],"picked":"Night Terror","floor":13.0},{"not_picked":["Quick Slash","Poisoned Stab"],"picked":"Corpse Explosion","floor":14.0},{"not_picked":["Venomology","Night Terror"],"picked":"Burst","floor":16.0},{"not_picked":["Slice","Accuracy"],"picked":"Masterful Stab","floor":18.0},{"not_picked":["Deflect","Acrobatics"],"picked":"Backflip","floor":20.0},{"not_picked":["Leg Sweep","Deadly Poison"],"picked":"Crippling Poison+1","floor":22.0},{"not_picked":["Acrobatics","Sucker Punch"],"picked":"Poisoned Stab","floor":23.0},{"not_picked":["Slice","Heel Hook"],"picked":"Riddle With Holes+1","floor":25.0},{"not_picked":["Deflect","Sucker Punch","Cloak And Dagger"],"picked":"SKIP","floor":28.0},{"not_picked":["Venomology","Night Terror"],"picked":"Corpse Explosion","floor":33.0},{"not_picked":["Quick Slash","Accuracy+1"],"picked":"Backstab","floor":35.0},{"not_picked":["Heel Hook","Concentrate"],"picked":"Distraction+1","floor":37.0},{"not_picked":["Slice","Concentrate+1"],"picked":"Noxious Fumes","floor":38.0},{"not_picked":["Dagger Spray+1","Prepared+1"],"picked":"Deadly Poison","floor":39.0},{"not_picked":["Burst","Dagger Spray+1"],"picked":"Setup+1","floor":41.0},{"not_picked":["PiercingWail+1","Underhanded Strike"],"picked":"Footwork+1","floor":44.0},{"not_picked":["Underhanded Strike","Dagger Throw","Tactician+1"],"picked":"SKIP","floor":46}],"player_experience":1530944,"relics_obtained":[{"floor":7.0,"key":"PreservedInsect"},{"floor":9.0,"key":"Bag of Marbles"},{"floor":14.0,"key":"Whetstone"},{"floor":23.0,"key":"War Paint"},{"floor":26.0,"key":"Incense Burner"},{"floor":41.0,"key":"Vajra"},{"floor":43.0,"key":"Sundial"}],"event_choices":[{"damage_healed":0.0,"max_hp_gain":5.0,"max_hp_loss":0.0,"gold_gain":0.0,"event_name":"Big Fish","player_choice":"Donut","floor":2.0,"gold_loss":0.0,"damage_taken":0.0},{"damage_healed":0.0,"max_hp_gain":0.0,"max_hp_loss":0.0,"gold_gain":0.0,"event_name":"Golden Idol","player_choice":"Ignored","floor":4.0,"gold_loss":0.0,"damage_taken":0.0},{"damage_healed":0.0,"max_hp_gain":0.0,"max_hp_loss":0.0,"gold_gain":0.0,"event_name":"The Cleric","player_choice":"Leave","floor":10.0,"gold_loss":0.0,"damage_taken":0.0},{"damage_healed":0.0,"max_hp_gain":0.0,"max_hp_loss":0.0,"gold_gain":0.0,"event_name":"Wheel of Change","player_choice":"Damaged","floor":19.0,"gold_loss":0.0,"damage_taken":7.0},{"cards_removed":["Masterful Stab"],"damage_healed":15.0,"max_hp_gain":0.0,"max_hp_loss":0.0,"gold_gain":0.0,"event_name":"Bonfire Elementals","player_choice":"Offered Uncommon","floor":31.0,"gold_loss":0.0,"damage_taken":0.0},{"damage_healed":0,"gold_gain":0,"player_choice":"Ignored","damage_taken":0,"max_hp_gain":0,"max_hp_loss":0,"event_name":"Tomb of Lord Red Mask","floor":45,"gold_loss":0}],"is_beta":false,"boss_relics":[{"not_picked":["Busted Crown","Runic Pyramid"],"picked":"Cursed Key"},{"not_picked":["Pandora\u0027s Box","Velvet Choker"],"picked":"Eternal Feather"}],"items_purged_floors":[30,47],"is_endless":false,"potions_floor_spawned":[5,7,13,18,20,25,33,37,38,46],"killed_by":"Spire Growth","ascension_level":9}