{"gold_per_floor":[112,112,262,272,57,82,82,82,128,163,163,175,175,191,191,266,266,285,285,298,308,328,328,346,346],"floor_reached":25,"playtime":612,"items_purged":[],"score":476,"play_id":"4d527034-ff63-4b22-b6c8-7f66904f7556","local_time":"20190620151500","is_ascension_mode":true,"campfire_choices":[{"data":"Consume","floor":7,"key":"SMITH"},{"data":"Defragment","floor":11,"key":"SMITH"},{"data":"Zap","floor":13,"key":"SMITH"},{"data":"Consume","floor":15,"key":"SMITH"},{"data":"Self Repair","floor":23,"key":"SMITH"}],"neow_cost":"NONE","seed_source_timestamp":64258300066800,"circlet_count":0,"master_deck":["AscendersBane","Strike_B","Strike_B","Strike_B","Defend_B","Defend_B","Defend_B","Defend_B","Zap+1","Dualcast","Consume+1","Defragment+1","Cold Snap","Melter","Biased Cognition+1","Self Repair+1","Ball Lightning"],"relics":["Cracked Core","NeowsBlessing","Ancient Tea Set","OrangePellets","Orichalcum","Strawberry","Boot","Empty Cage"],"potions_floor_usage":[10,10,16,16,24,25],"damage_taken":[{"damage":0,"enemies":"Jaw Worm","floor":1,"turns":1},{"damage":0,"enemies":"2 Louse","floor":4,"turns":1},{"damage":0,"enemies":"Lagavulin","floor":6,"turns":1},{"damage":13,"enemies":"3 Sentries","floor":10,"turns":7},{"damage":0,"enemies":"Cultist","floor":12,"turns":3},{"damage":0,"enemies":"Looter","floor":14,"turns":3},{"damage":18,"enemies":"Hexaghost","floor":16,"turns":11},{"damage":0,"enemies":"Spheric Guardian","floor":18,"turns":2},{"damage":28,"enemies":"3 Byrds","floor":20,"turns":5},{"damage":11,"enemies":"Snake Plant","floor":21,"turns":5},{"damage":4,"enemies":"Sentry and Sphere","floor":22,"turns":3},{"damage":31,"enemies":"3 Cultists","floor":24,"turns":6},{"damage":5,"enemies":"Gremlin Leader","floor":25,"turns":2}],"seed_played":"1267338139497914005","potions_obtained":[{"floor":4,"key":"PowerPotion"},{"floor":6,"key":"EssenceOfSteel"},{"floor":12,"key":"AttackPotion"},{"floor":14,"key":"PowerPotion"},{"floor":21,"key":"Block Potion"},{"floor":24,"key":"Block Potion"}],"is_trial":false,"path_per_floor":["M","?","?","M","$","E","R","?","T","E","R","M","R","M","R","B",null,"M","?","M","M","M","R","M","E"],"character_chosen":"DEFECT","items_purchased":["OrangePellets"],"campfire_rested":0,"item_purchase_floors":[5],"current_hp_per_floor":[64,38,38,38,38,38,38,38,45,32,32,32,32,32,32,14,62,62,62,41,37,33,33,12,7],"gold":346,"neow_bonus":"THREE_ENEMY_KILL","is_prod":false,"is_daily":false,"chose_seed":false,"campfire_upgraded":5,"win_rate":0,"timestamp":1561011300,"path_taken":["M","?","?","M","$","E","R","?","T","E","R","?","R","M","R","BOSS","M","?","?","M","M","R","M","E"],"build_version":"2019-01-23","purchased_purges":0,"victory":false,"max_hp_per_floor":[71,71,71,71,71,71,71,71,78,78,78,78,78,78,78,78,78,78,78,78,78,78,78,78,78],"card_choices":[{"not_picked":["Rebound","FTL"],"picked":"Consume","floor":1},{"not_picked":["Go for the Eyes","Fusion","Steam"],"picked":"SKIP","floor":4},{"not_picked":["Chaos","Rebound","Conserve Battery"],"picked":"SKIP","floor":6},{"not_picked":["Fusion","Beam Cell"],"picked":"Defragment","floor":10},{"not_picked":["Scrape","Streamline"],"picked":"Cold Snap","floor":12},{"not_picked":["BootSequence","Sunder"],"picked":"Melter","floor":14},{"not_picked":["Machine Learning","Amplify"],"picked":"Biased Cognition","floor":16},{"not_picked":["Turbo","Aggregate"],"picked":"Self Repair","floor":18},{"not_picked":["Streamline","Gash","Fusion"],"picked":"SKIP","floor":20},{"not_picked":["Melter","Rebound","Compile Driver"],"picked":"SKIP","floor":21},{"not_picked":["Streamline","Aggregate","All For One"],"picked":"SKIP","floor":22},{"not_picked":["Redo","Barrage"],"picked":"Ball Lightning","floor":24}],"player_experience":702771,"relics_obtained":[{"floor":6,"key":"Orichalcum"},{"floor":9,"key":"Strawberry"},{"floor":10,"key":"Boot"}],"event_choices":[{"damage_healed":0,"gold_gain":0,"player_choice":"Success","damage_taken":26,"relics_obtained":["Ancient Tea Set"],"max_hp_gain":0,"max_hp_loss":0,"event_name":"Scrap Ooze","floor":2,"gold_loss":0},{"damage_healed":0,"gold_gain":150,"player_choice":"AGREE","damage_taken":0,"max_hp_gain":0,"max_hp_loss":0,"event_name":"Liars Game","floor":3,"gold_loss":0,"cards_obtained":["Doubt"]},{"damage_healed":0,"gold_gain":0,"cards_transformed":["Strike_B"],"player_choice":"Transformed","damage_taken":0,"max_hp_gain":0,"max_hp_loss":0,"event_name":"Transmorgrifier","floor":8,"gold_loss":0,"cards_obtained":["Consume"]},{"damage_healed":0,"gold_gain":0,"player_choice":"Upgraded","damage_taken":0,"max_hp_gain":0,"max_hp_loss":0,"event_name":"Upgrade Shrine","floor":19,"gold_loss":0,"cards_upgraded":["Biased Cognition"]}],"is_beta":false,"boss_relics":[{"not_picked":["Nuclear Battery","Ectoplasm"],"picked":"Empty Cage"}],"items_purged_floors":[],"is_endless":false,"potions_floor_spawned":[4,6,12,14,21,24],"killed_by":"Gremlin Leader","ascension_level":20}