{"gold_per_floor":[113,113,38,38,56,91,91,126,151,191,15,28,41,59,59,149,149,167,167],"floor_reached":19,"playtime":595,"items_purged":[],"score":424,"play_id":"a0293a1c-d152-4c95-8875-b8a5a500d82d","local_time":"20190714140854","is_ascension_mode":true,"campfire_choices":[{"data":"Lockon","floor":7.0,"key":"SMITH"},{"data":"Discovery","floor":15.0,"key":"SMITH"}],"neow_cost":"NONE","seed_source_timestamp":130916466770200,"circlet_count":0,"master_deck":["AscendersBane","Strike_B+1","Strike_B+1","Strike_B","Defend_B","Defend_B","Defend_B+1","Defend_B+1","Zap","Dualcast","Cold Snap","Lockon+1","Turbo","Glacier","Recycle","Self Repair","Discovery+1","Tempest","Biased Cognition","Darkness","Fission","Coolheaded"],"special_seed":0,"relics":["Cracked Core","NeowsBlessing","Golden Idol","PreservedInsect","Boot","Whetstone","Vajra","Inserter"],"potions_floor_usage":[16,18],"damage_taken":[{"damage":0.0,"enemies":"Jaw Worm","floor":1.0,"turns":1.0},{"damage":0.0,"enemies":"2 Louse","floor":5.0,"turns":2.0},{"damage":0.0,"enemies":"Lagavulin","floor":6.0,"turns":1.0},{"damage":8.0,"enemies":"3 Sentries","floor":8.0,"turns":6.0},{"damage":16.0,"enemies":"Lagavulin","floor":10.0,"turns":8.0},{"damage":0.0,"enemies":"Small Slimes","floor":12.0,"turns":2.0},{"damage":3.0,"enemies":"Red Slaver","floor":13.0,"turns":5.0},{"damage":1.0,"enemies":"Blue Slaver","floor":14.0,"turns":3.0},{"damage":35,"enemies":"Hexaghost","floor":16,"turns":10},{"damage":47,"enemies":"3 Byrds","floor":18,"turns":5},{"damage":0,"enemies":"2 Thieves","floor":19,"turns":1}],"seed_played":"5284959205805598782","potions_obtained":[{"floor":5.0,"key":"AttackPotion"},{"floor":8.0,"key":"Energy Potion"},{"floor":10.0,"key":"Explosive Potion"}],"is_trial":false,"path_per_floor":["M","?","?","?","M","E","R","E","T","E","$","M","M","M","R","B",null,"M","M"],"character_chosen":"DEFECT","items_purchased":["Self Repair","Discovery"],"campfire_rested":0,"item_purchase_floors":[11,11],"current_hp_per_floor":[64,64,64,45,45,45,45,37,37,21,21,28,32,38,38,10,51,11,11],"gold":167,"neow_bonus":"THREE_ENEMY_KILL","is_prod":false,"is_daily":false,"chose_seed":false,"campfire_upgraded":2,"win_rate":0,"timestamp":1563080934,"path_taken":["M","?","?","?","M","E","R","E","T","E","$","M","M","M","R","BOSS","M","M"],"build_version":"2019-07-05","purchased_purges":0,"victory":false,"max_hp_per_floor":[71,64,64,64,64,64,64,64,64,64,64,64,64,64,64,64,64,64,64],"card_choices":[{"not_picked":["Reinforced Body","Loop"],"picked":"Cold Snap","floor":1.0},{"not_picked":["Gash","Leap"],"picked":"Lockon","floor":5.0},{"not_picked":["Go for the Eyes","BootSequence"],"picked":"Turbo","floor":6.0},{"not_picked":["Steam","Gash"],"picked":"Glacier","floor":8.0},{"not_picked":["Leap","Hologram"],"picked":"Recycle","floor":10.0},{"not_picked":["Conserve Battery","Turbo"],"picked":"Tempest","floor":12.0},{"not_picked":["Turbo","Compile Driver"],"picked":"Biased Cognition","floor":13.0},{"not_picked":["Rebound","Reinforced Body"],"picked":"Darkness","floor":14.0},{"not_picked":["Creative AI","Hyperbeam"],"picked":"Fission","floor":16},{"not_picked":["Loop","Compile Driver"],"picked":"Coolheaded","floor":18}],"player_experience":1025393,"relics_obtained":[{"floor":6.0,"key":"PreservedInsect"},{"floor":8.0,"key":"Boot"},{"floor":9.0,"key":"Whetstone"},{"floor":10.0,"key":"Vajra"}],"event_choices":[{"damage_healed":0.0,"max_hp_gain":0.0,"max_hp_loss":7.0,"gold_gain":0.0,"event_name":"Golden Idol","player_choice":"Lose Max HP","floor":2.0,"gold_loss":0.0,"damage_taken":0.0,"relics_obtained":["Golden Idol"]},{"cards_removed":["Strike_B"],"damage_healed":0.0,"max_hp_gain":0.0,"max_hp_loss":0.0,"gold_gain":0.0,"event_name":"The Cleric","player_choice":"Card Removal","floor":3.0,"gold_loss":75.0,"damage_taken":0.0},{"damage_healed":0.0,"max_hp_gain":0.0,"max_hp_loss":0.0,"gold_gain":0.0,"event_name":"Shining Light","player_choice":"Entered Light","floor":4.0,"gold_loss":0.0,"damage_taken":19.0,"cards_upgraded":["Defend_B","Defend_B"]}],"is_beta":false,"boss_relics":[{"not_picked":["Ectoplasm","Lizard Tail"],"picked":"Inserter"}],"items_purged_floors":[],"is_endless":false,"potions_floor_spawned":[5,8,10],"killed_by":"2 Thieves","ascension_level":20}