{"gold_per_floor":[110,110,35,0,14,14,14,14,83,95,123,123,138,158,158,236,236,255,255,255,255,25,25,53,53,121,133,146,71,71,81,81,156,156,166,166,76,88,37,69,69,79,130,130,150,167,192,206,206,206,206],"floor_reached":51,"playtime":1819,"items_purged":["Strike_B"],"score":1500,"play_id":"841e54bc-cfe0-4fca-8a2d-dbabcf719882","local_time":"20190719170226","is_ascension_mode":true,"campfire_choices":[{"data":"Go for the Eyes","floor":6,"key":"SMITH"},{"data":"Biased Cognition","floor":8,"key":"SMITH"},{"floor":12,"key":"REST"},{"data":"Consume","floor":15,"key":"SMITH"},{"floor":23,"key":"REST"},{"data":"Capacitor","floor":25,"key":"SMITH"},{"data":"Coolheaded","floor":30,"key":"SMITH"},{"floor":32,"key":"REST"},{"data":"Creative AI","floor":41,"key":"SMITH"},{"data":"Creative AI","floor":44,"key":"SMITH"},{"floor":49,"key":"RECALL"}],"neow_cost":"PERCENT_DAMAGE","seed_source_timestamp":4391832708199,"circlet_count":0,"master_deck":["AscendersBane","Strike_B","Defend_B","Defend_B","Defend_B","Zap","Dualcast","Biased Cognition+1","Ball Lightning","Capacitor+1","Go for the Eyes+1","Stack","White Noise","Consume+1","Core Surge","Coolheaded+1","Conserve Battery","Defragment+1","Creative AI+1","Hologram+1","Self Repair","Cold Snap","Creative AI+1","Cold Snap","Loop"],"relics":["Cracked Core","Pear","Bottled Tornado","Mummified Hand","Inserter","Nilry\u0027s Codex","DataDisk","Sundial","Mercury Hourglass","White Beast Statue","Toxic Egg 2","Meat on the Bone","Cables"],"potions_floor_usage":[11,16,27,31,46,47,50],"damage_taken":[{"damage":8,"enemies":"2 Louse","floor":1,"turns":2},{"damage":9,"enemies":"Jaw Worm","floor":5,"turns":3},{"damage":12,"enemies":"Small Slimes","floor":10,"turns":2},{"damage":15,"enemies":"3 Sentries","floor":11,"turns":4},{"damage":12,"enemies":"Looter","floor":13,"turns":3},{"damage":27,"enemies":"Lots of Slimes","floor":14,"turns":3},{"damage":1,"enemies":"Hexaghost","floor":16,"turns":7},{"damage":11,"enemies":"Spheric Guardian","floor":18,"turns":3},{"damage":0,"enemies":"Gremlin Leader","floor":24,"turns":7},{"damage":6,"enemies":"3 Byrds","floor":27,"turns":2},{"damage":14,"enemies":"Snake Plant","floor":28,"turns":3},{"damage":17,"enemies":"Shelled Parasite and Fungi","floor":31,"turns":4},{"damage":32,"enemies":"Collector","floor":33,"turns":8},{"damage":0,"enemies":"3 Shapes","floor":35,"turns":3},{"damage":16,"enemies":"Orb Walker","floor":38,"turns":3},{"damage":5,"enemies":"Giant Head","floor":40,"turns":9},{"damage":42,"enemies":"3 Darklings","floor":42,"turns":5},{"damage":5,"enemies":"Sphere and 2 Shapes","floor":45,"turns":4},{"damage":25,"enemies":"Spire Growth","floor":46,"turns":5},{"damage":26,"enemies":"Nemesis","floor":47,"turns":7},{"damage":23,"enemies":"3 Darklings","floor":48,"turns":4},{"damage":0,"enemies":"Donu and Deca","floor":50,"turns":6},{"damage":59,"enemies":"Awakened One","floor":51,"turns":3}],"seed_played":"-1805250428865611911","potions_obtained":[{"floor":1,"key":"PowerPotion"},{"floor":11,"key":"SkillPotion"},{"floor":14,"key":"SpeedPotion"},{"floor":18,"key":"SpeedPotion"},{"floor":24,"key":"Fire Potion"},{"floor":27,"key":"FocusPotion"},{"floor":35,"key":"Strength Potion"},{"floor":40,"key":"FocusPotion"},{"floor":42,"key":"GamblersBrew"},{"floor":46,"key":"LiquidBronze"},{"floor":47,"key":"Block Potion"}],"is_trial":false,"path_per_floor":["M","?","$","?","M","R","?","R","T","M","E","R","M","M","R","B",null,"M","?","?","?","$","R","E","R","T","M","M","$","R","M","R","B",null,"M","?","$","M","$","E","R","M","T","R","M","M","E","M","R","B","B"],"character_chosen":"DEFECT","items_purchased":["Capacitor","DataDisk","Coolheaded","Self Repair","Cold Snap"],"campfire_rested":3,"item_purchase_floors":[3,22,22,37,39],"current_hp_per_floor":[38,37,37,57,48,48,48,48,48,36,21,45,33,6,6,5,62,51,51,51,30,30,54,54,54,54,48,34,34,34,17,41,9,63,63,63,63,54,54,56,56,33,33,33,47,34,27,23,23,42,0],"gold":206,"neow_bonus":"TRANSFORM_TWO_CARDS","is_prod":false,"is_daily":false,"chose_seed":false,"campfire_upgraded":7,"win_rate":0,"timestamp":1563523346,"path_taken":["M","?","?","?","M","R","?","R","T","?","E","R","M","M","R","BOSS","M","?","?","?","$","R","E","R","T","M","M","?","R","M","R","BOSS","M","?","?","?","?","E","R","M","T","R","M","M","E","M","R","BOSS","BOSS"],"build_version":"2019-07-17","purchased_purges":1,"victory":false,"max_hp_per_floor":[71,81,81,81,81,81,81,81,81,81,81,81,81,81,81,81,81,81,81,81,81,81,81,81,81,81,81,81,81,81,81,81,81,81,81,81,81,81,81,81,81,81,81,81,81,81,81,81,81,81,81],"card_choices":[{"not_picked":["Auto Shields","Rebound","Redo"],"picked":"SKIP","floor":1},{"not_picked":["Steam","Sweeping Beam"],"picked":"Go for the Eyes","floor":5},{"not_picked":["BootSequence","Storm","Hello World"],"picked":"SKIP","floor":10},{"not_picked":["Streamline","Undo","Aggregate"],"picked":"SKIP","floor":11},{"not_picked":["Hyperbeam","Turbo"],"picked":"White Noise","floor":13},{"not_picked":["Beam Cell","Reinforced Body"],"picked":"Consume","floor":14},{"not_picked":["Seek","Reboot"],"picked":"Core Surge","floor":16},{"not_picked":["Gash","Steam","Compile Driver"],"picked":"SKIP","floor":18},{"not_picked":["Hello World","Doom and Gloom","Steam Power"],"picked":"SKIP","floor":24},{"not_picked":["Hello World","Doom and Gloom","Steam Power"],"picked":"SKIP","floor":24},{"not_picked":["Steam","Compile Driver"],"picked":"Conserve Battery","floor":27},{"not_picked":["Steam","Darkness","FTL"],"picked":"SKIP","floor":28},{"not_picked":["Barrage","Conserve Battery"],"picked":"Defragment+1","floor":31},{"not_picked":["Fission","Seek"],"picked":"Creative AI","floor":33},{"not_picked":["Gash","Fusion+1"],"picked":"Hologram+1","floor":35},{"not_picked":["Compile Driver","Hologram+1","Gash+1"],"picked":"SKIP","floor":38},{"not_picked":["Capacitor","Gash"],"picked":"Creative AI","floor":40},{"not_picked":["Stack+1","Go for the Eyes","Reinforced Body+1"],"picked":"SKIP","floor":42},{"not_picked":["Static Discharge","Conserve Battery+1","Rebound"],"picked":"SKIP","floor":45},{"not_picked":["Scrape","Conserve Battery+1"],"picked":"Cold Snap","floor":46},{"not_picked":["Buffer","Leap+1","Ball Lightning"],"picked":"SKIP","floor":47},{"not_picked":["Rip and Tear","Rebound"],"picked":"Loop","floor":48}],"player_experience":1096723,"relics_obtained":[{"floor":9,"key":"Bottled Tornado"},{"floor":11,"key":"Mummified Hand"},{"floor":21,"key":"Nilry\u0027s Codex"},{"floor":24,"key":"Sundial"},{"floor":26,"key":"Mercury Hourglass"},{"floor":36,"key":"Toxic Egg 2"},{"floor":40,"key":"Meat on the Bone"},{"floor":47,"key":"Cables"}],"event_choices":[{"damage_healed":0,"gold_gain":0,"player_choice":"Success","damage_taken":11,"relics_obtained":["Pear"],"max_hp_gain":0,"max_hp_loss":0,"event_name":"Scrap Ooze","floor":2,"gold_loss":0},{"damage_healed":20,"gold_gain":0,"player_choice":"Healed","damage_taken":0,"max_hp_gain":0,"max_hp_loss":0,"event_name":"The Cleric","floor":4,"gold_loss":35},{"damage_healed":0,"gold_gain":0,"cards_transformed":["Strike_B"],"player_choice":"Transformed","damage_taken":0,"max_hp_gain":0,"max_hp_loss":0,"event_name":"Transmorgrifier","floor":7,"gold_loss":0,"cards_obtained":["Stack"]},{"damage_healed":0,"gold_gain":0,"player_choice":"Ignored","damage_taken":0,"max_hp_gain":0,"max_hp_loss":0,"event_name":"The Mausoleum","floor":19,"gold_loss":0},{"damage_healed":0,"gold_gain":0,"player_choice":"Ignored","damage_taken":0,"max_hp_gain":0,"max_hp_loss":0,"event_name":"Vampires","floor":20,"gold_loss":0},{"damage_healed":0,"gold_gain":0,"player_choice":"Obtained Book","damage_taken":21,"max_hp_gain":0,"max_hp_loss":0,"event_name":"Cursed Tome","floor":21,"gold_loss":0},{"damage_healed":0,"gold_gain":0,"player_choice":"Relic","damage_taken":0,"max_hp_gain":0,"max_hp_loss":0,"event_name":"Wheel of Change","floor":36,"gold_loss":0}],"is_beta":false,"boss_relics":[{"not_picked":["Black Star","Eternal Feather"],"picked":"Inserter"},{"not_picked":["Tiny House","Velvet Choker"],"picked":"White Beast Statue"}],"items_purged_floors":[29],"is_endless":false,"potions_floor_spawned":[1,11,14,18,24,27,35,38,40,42,45,46,47,48],"killed_by":"Awakened One","ascension_level":20}