{"gold_per_floor":[111,111,52,120,120,147,157,190,215,28,63,81,81,81,81,160,160,175,175,155,170,182,182],"floor_reached":23,"playtime":946,"items_purged":[],"score":488,"play_id":"b40e0bd5-6df1-41fc-bd0e-605b9dbd285a","local_time":"20190728182630","is_ascension_mode":true,"campfire_choices":[{"floor":13.0,"key":"REST"},{"floor":15.0,"key":"REST"}],"neow_cost":"NONE","seed_source_timestamp":777992847722488,"circlet_count":0,"master_deck":["AscendersBane","Strike_G+1","Strike_G","Strike_G","Strike_G","Defend_G","Defend_G","Defend_G","Defend_G","Survivor","Neutralize","Dagger Spray","Underhanded Strike","All Out Attack","Unload","Calculated Gamble","Backstab","Calculated Gamble","Burst","Tools of the Trade+1","Finisher+1","Unload+1","Leg Sweep+1","Tactician","Tactician"],"special_seed":0,"relics":["Ring of the Snake","NeowsBlessing","Vajra","Bag of Preparation","Whetstone","Boot","Astrolabe"],"potions_floor_usage":[23],"damage_taken":[{"damage":0.0,"enemies":"Small Slimes","floor":1.0,"turns":1.0},{"damage":0.0,"enemies":"Lagavulin","floor":6.0,"turns":1.0},{"damage":0.0,"enemies":"2 Louse","floor":7.0,"turns":1.0},{"damage":34.0,"enemies":"Gremlin Nob","floor":8.0,"turns":4.0},{"damage":0.0,"enemies":"3 Sentries","floor":11.0,"turns":3.0},{"damage":0.0,"enemies":"Jaw Worm","floor":12.0,"turns":1.0},{"damage":46.0,"enemies":"Hexaghost","floor":16.0,"turns":12.0},{"damage":0.0,"enemies":"3 Byrds","floor":18.0,"turns":3.0},{"damage":2.0,"enemies":"Shell Parasite","floor":21.0,"turns":5.0},{"damage":2,"enemies":"Centurion and Healer","floor":22,"turns":5},{"damage":58,"enemies":"Shelled Parasite and Fungi","floor":23,"turns":5}],"seed_played":"-3664449997349350602","potions_obtained":[{"floor":6.0,"key":"Swift Potion"},{"floor":11.0,"key":"SpeedPotion"},{"floor":16.0,"key":"GamblersBrew"},{"floor":20.0,"key":"EssenceOfSteel"}],"is_trial":false,"path_per_floor":["M","?","$","?","?","E","M","E","T","$","E","M","R","?","R","B",null,"M","?","?","M","M","M"],"character_chosen":"THE_SILENT","items_purchased":["Underhanded Strike","Calculated Gamble","Strength Potion","SpeedPotion"],"campfire_rested":2,"item_purchase_floors":[3,10,10,10],"current_hp_per_floor":[59,59,59,59,59,59,59,25,25,25,25,25,44,44,63,17,54,54,54,54,52,50,0],"gold":182,"neow_bonus":"THREE_ENEMY_KILL","is_prod":false,"is_daily":false,"chose_seed":false,"campfire_upgraded":0,"win_rate":0,"timestamp":1564327590,"path_taken":["M","?","$","?","?","E","?","E","T","$","E","M","R","?","R","BOSS","M","?","?","M","?","M"],"build_version":"2019-07-17","purchased_purges":0,"victory":false,"max_hp_per_floor":[66,66,66,66,66,66,66,66,66,66,66,66,66,66,66,66,66,66,66,66,66,66,66],"card_choices":[{"not_picked":["Bane","Leg Sweep"],"picked":"Dagger Spray","floor":1.0},{"not_picked":["Sucker Punch","Expertise"],"picked":"Infinite Blades","floor":6.0},{"not_picked":["Acrobatics","Catalyst"],"picked":"All Out Attack","floor":7.0},{"not_picked":["Slice","Blade Dance"],"picked":"Unload","floor":8.0},{"not_picked":["Dodge and Roll","Flechettes"],"picked":"Backstab","floor":11.0},{"not_picked":["Dagger Spray","Noxious Fumes"],"picked":"Calculated Gamble","floor":12.0},{"not_picked":["Tools of the Trade","Malaise"],"picked":"Burst","floor":16.0},{"not_picked":["Flechettes","Bane"],"picked":"Leg Sweep+1","floor":18.0},{"not_picked":["Underhanded Strike","PiercingWail"],"picked":"Tactician","floor":21.0},{"not_picked":["Dagger Throw","Setup"],"picked":"Tactician","floor":22}],"player_experience":1669035,"relics_obtained":[{"floor":6.0,"key":"Vajra"},{"floor":8.0,"key":"Bag of Preparation"},{"floor":9.0,"key":"Whetstone"},{"floor":11.0,"key":"Boot"}],"event_choices":[{"damage_healed":0.0,"max_hp_gain":0.0,"max_hp_loss":0.0,"gold_gain":0.0,"event_name":"Shining Light","player_choice":"Ignored","floor":2.0,"gold_loss":0.0,"damage_taken":0.0},{"damage_healed":0.0,"max_hp_gain":0.0,"max_hp_loss":0.0,"gold_gain":68.0,"event_name":"Golden Wing","player_choice":"Gained Gold","floor":4.0,"gold_loss":0.0,"damage_taken":0.0},{"damage_healed":0.0,"max_hp_gain":0.0,"max_hp_loss":0.0,"gold_gain":0.0,"event_name":"Scrap Ooze","player_choice":"Fled","floor":5.0,"gold_loss":0.0,"damage_taken":0.0},{"damage_healed":0.0,"max_hp_gain":0.0,"max_hp_loss":0.0,"gold_gain":0.0,"event_name":"Liars Game","player_choice":"Ignored","floor":14.0,"gold_loss":0.0,"damage_taken":0.0},{"damage_healed":0.0,"max_hp_gain":0.0,"max_hp_loss":0.0,"gold_gain":0.0,"event_name":"Vampires","player_choice":"Ignored","floor":19.0,"gold_loss":0.0,"damage_taken":0.0},{"damage_healed":0.0,"max_hp_gain":0.0,"max_hp_loss":0.0,"gold_gain":0.0,"event_name":"The Woman in Blue","player_choice":"Bought 1 Potion","floor":20.0,"gold_loss":0.0,"damage_taken":0.0}],"is_beta":false,"boss_relics":[{"not_picked":["White Beast Statue","Velvet Choker"],"picked":"Astrolabe"}],"items_purged_floors":[],"is_endless":false,"potions_floor_spawned":[6,11,16],"killed_by":"Shelled Parasite and Fungi","ascension_level":18}