{"gold_per_floor":[113,127,77,89,106,135,135,149,149,149],"floor_reached":10,"playtime":701,"items_purged":[],"score":119,"play_id":"66bef91f-3c4a-4cd6-9248-b1376045ef0f","local_time":"20190513133443","is_ascension_mode":true,"campfire_choices":[{"floor":7,"key":"REST"}],"neow_cost":"NONE","seed_source_timestamp":96204525062084,"circlet_count":0,"master_deck":["AscendersBane","Defend_G","Defend_G","Defend_G","Defend_G","Defend_G","Strike_G","Strike_G","Strike_G","Strike_G","Survivor","Neutralize","Quick Slash","Sucker Punch","Footwork","Slice","Calculated Gamble+1","Venomology+1"],"relics":["WristBlade","Toxic Egg 2","Gambling Chip"],"potions_floor_usage":[6,10,10],"damage_taken":[{"damage":6,"enemies":"Jaw Worm","floor":1,"turns":4},{"damage":0,"enemies":"Small Slimes","floor":2,"turns":4},{"damage":3,"enemies":"Cultist","floor":4,"turns":4},{"damage":23,"enemies":"Exordium Thugs","floor":5,"turns":7},{"damage":26,"enemies":"Gremlin Nob","floor":6,"turns":5},{"damage":0,"enemies":"3 Louse","floor":8,"turns":4},{"damage":19,"enemies":"Lagavulin","floor":10,"turns":8}],"seed_played":"-556533115315840602","potions_obtained":[{"floor":5,"key":"SpeedPotion"},{"floor":8,"key":"SpeedPotion"}],"is_trial":false,"path_per_floor":["M","M","?","M","M","E","R","M","T","E"],"character_chosen":"THE_SILENT","items_purchased":[],"campfire_rested":1,"item_purchase_floors":[],"current_hp_per_floor":[53,53,53,50,27,1,20,20,20,1],"gold":149,"neow_bonus":"BOSS_RELIC","is_prod":false,"is_daily":false,"chose_seed":false,"campfire_upgraded":0,"win_rate":0,"timestamp":1557747283,"path_taken":["M","M","?","M","M","E","R","M","T","E"],"build_version":"2019-01-23","purchased_purges":0,"victory":false,"max_hp_per_floor":[66,66,66,66,66,66,66,66,66,66],"card_choices":[{"not_picked":["Prepared","Expertise"],"picked":"Quick Slash","floor":1},{"not_picked":["Bane","Choke"],"picked":"Sucker Punch","floor":2},{"not_picked":["Flying Knee","Concentrate"],"picked":"Footwork","floor":4},{"not_picked":["Flechettes","Predator"],"picked":"Slice","floor":5},{"not_picked":["Bane","Accuracy"],"picked":"Calculated Gamble","floor":6},{"not_picked":["Poisoned Stab","Noxious Fumes"],"picked":"Venomology+1","floor":8}],"player_experience":843676,"relics_obtained":[{"floor":6,"key":"Toxic Egg 2"},{"floor":9,"key":"Gambling Chip"}],"event_choices":[{"cards_removed":["Strike_G"],"damage_healed":0,"gold_gain":0,"player_choice":"Card Removal","damage_taken":0,"max_hp_gain":0,"max_hp_loss":0,"event_name":"The Cleric","floor":3,"gold_loss":50}],"is_beta":false,"boss_relics":[],"items_purged_floors":[],"is_endless":false,"potions_floor_spawned":[5,8],"killed_by":"Lagavulin","ascension_level":14}