{"gold_per_floor":[117,132,132,157,157,157,192,204,243,270,73,73,73,108,108,108],"floor_reached":16,"playtime":272,"items_purged":[],"score":216,"play_id":"b0e9acc7-3813-482f-8c1e-fa3f488f3a52","local_time":"20190623174038","is_ascension_mode":true,"campfire_choices":[{"data":"Consume","floor":6,"key":"SMITH"},{"floor":8,"key":"REST"},{"data":"Loop","floor":13,"key":"SMITH"},{"data":"Darkness","floor":15,"key":"SMITH"}],"neow_cost":"NONE","seed_source_timestamp":101415387465400,"circlet_count":0,"master_deck":["AscendersBane","Strike_B","Strike_B","Strike_B","Defend_B","Defend_B","Defend_B","Defend_B","Zap","Dualcast","Consume+1","Glacier","Darkness+1","Seek","Loop+1","Coolheaded"],"relics":["Cracked Core","NeowsBlessing","Golden Idol","MawBank","Strawberry","Omamori","Oddly Smooth Stone"],"potions_floor_usage":[14],"damage_taken":[{"damage":0,"enemies":"Cultist","floor":1,"turns":1},{"damage":0,"enemies":"Jaw Worm","floor":2,"turns":1},{"damage":0,"enemies":"Small Slimes","floor":4,"turns":1},{"damage":51,"enemies":"Gremlin Nob","floor":7,"turns":5},{"damage":0,"enemies":"Looter","floor":10,"turns":5},{"damage":5,"enemies":"Lagavulin","floor":14,"turns":5},{"damage":48,"enemies":"Slime Boss","floor":16,"turns":6}],"seed_played":"3187024387205150084","potions_obtained":[{"floor":4,"key":"LiquidBronze"},{"floor":7,"key":"LiquidBronze"},{"floor":10,"key":"Regen Potion"}],"is_trial":false,"path_per_floor":["M","M","?","M","?","R","E","R","T","M","$","?","R","E","R","B"],"character_chosen":"DEFECT","items_purchased":["Omamori","Loop"],"campfire_rested":1,"item_purchase_floors":[11,11],"current_hp_per_floor":[64,64,64,64,64,64,13,32,39,39,39,39,39,48,48,0],"gold":108,"neow_bonus":"THREE_ENEMY_KILL","is_prod":false,"is_daily":false,"chose_seed":false,"campfire_upgraded":3,"win_rate":0,"timestamp":1561279238,"path_taken":["M","M","?","M","?","R","E","R","T","?","?","?","R","E","R","BOSS"],"build_version":"2019-01-23","purchased_purges":0,"victory":false,"max_hp_per_floor":[71,71,64,64,64,64,64,64,71,71,71,71,71,71,71,71],"card_choices":[{"not_picked":["Streamline","Rebound"],"picked":"Consume","floor":1},{"not_picked":["Compile Driver","Barrage"],"picked":"Glacier","floor":2},{"not_picked":["Consume","Redo"],"picked":"Darkness","floor":4},{"not_picked":["Go for the Eyes","Streamline"],"picked":"Seek","floor":7},{"not_picked":["Go for the Eyes","BootSequence","Streamline"],"picked":"SKIP","floor":10},{"not_picked":["Conserve Battery","Beam Cell"],"picked":"Coolheaded","floor":14}],"player_experience":769220,"relics_obtained":[{"floor":7,"key":"MawBank"},{"floor":9,"key":"Strawberry"},{"floor":14,"key":"Oddly Smooth Stone"}],"event_choices":[{"damage_healed":0,"gold_gain":0,"player_choice":"Lose Max HP","damage_taken":0,"relics_obtained":["Golden Idol"],"max_hp_gain":0,"max_hp_loss":7,"event_name":"Golden Idol","floor":3,"gold_loss":0},{"cards_removed":["Strike_B"],"damage_healed":0,"gold_gain":0,"player_choice":"Offered Basic","damage_taken":0,"max_hp_gain":0,"max_hp_loss":0,"event_name":"Bonfire Elementals","floor":5,"gold_loss":0},{"damage_healed":0,"gold_gain":0,"player_choice":"Got Potions","damage_taken":0,"max_hp_gain":0,"max_hp_loss":0,"event_name":"Lab","floor":12,"gold_loss":0}],"is_beta":false,"boss_relics":[],"items_purged_floors":[],"is_endless":false,"potions_floor_spawned":[4,7,10],"killed_by":"Slime Boss","ascension_level":20}