{"gold_per_floor":[114,114,74,85,40,71,71,115,115,139,200,35,56,96,96,186,186,209,224,224,294,39,39],"floor_reached":23,"playtime":1280,"items_purged":[],"score":464,"play_id":"f9b27fd0-a291-46da-846d-0984ee2218a4","local_time":"20190519165931","is_ascension_mode":true,"campfire_choices":[{"data":"Footwork","floor":15,"key":"SMITH"}],"neow_cost":"NONE","seed_source_timestamp":12115068940049,"circlet_count":0,"master_deck":["AscendersBane","Defend_G","Defend_G","Defend_G","Defend_G","Strike_G","Strike_G","Strike_G","Strike_G","Strike_G","Survivor","Neutralize","Expertise","Bane","Dash","Terror","Flying Knee","Sucker Punch","Noxious Fumes","Footwork+1","Crippling Poison","Deadly Poison","Corpse Explosion","Crippling Poison","Setup+1","Footwork"],"relics":["Ring of the Snake","NeowsBlessing","Pantograph","Golden Idol","Meat on the Bone","Matryoshka","Tiny Chest","Centennial Puzzle","Coffee Dripper","SsserpentHead","PreservedInsect"],"potions_floor_usage":[8,8,11,13,16,21,21],"damage_taken":[{"damage":0,"enemies":"2 Louse","floor":1,"turns":1},{"damage":0,"enemies":"Small Slimes","floor":4,"turns":1},{"damage":0,"enemies":"3 Sentries","floor":6,"turns":1},{"damage":22,"enemies":"Lagavulin","floor":8,"turns":6},{"damage":0,"enemies":"Cultist","floor":10,"turns":3},{"damage":36,"enemies":"Gremlin Nob","floor":11,"turns":4},{"damage":12,"enemies":"Lots of Slimes","floor":13,"turns":4},{"damage":16,"enemies":"Lagavulin","floor":14,"turns":6},{"damage":30,"enemies":"Hexaghost","floor":16,"turns":10},{"damage":8,"enemies":"Chosen","floor":18,"turns":4},{"damage":16,"enemies":"Shell Parasite","floor":19,"turns":6},{"damage":13,"enemies":"Centurion and Healer","floor":21,"turns":3},{"damage":41,"enemies":"Book of Stabbing","floor":23,"turns":5}],"seed_played":"-8034926000427297709","potions_obtained":[{"floor":3,"key":"EntropicBrew"},{"floor":3,"key":"PowerPotion"},{"floor":14,"key":"Strength Potion"},{"floor":16,"key":"FearPotion"},{"floor":18,"key":"Explosive Potion"},{"floor":21,"key":"SteroidPotion"}],"is_trial":false,"path_per_floor":["M","?","?","M","$","E","?","E","T","M","E","$","M","E","R","B",null,"M","M","?","M","$","E"],"character_chosen":"THE_SILENT","items_purchased":["Dash","Footwork","Crippling Poison","PreservedInsect","Footwork"],"campfire_rested":0,"item_purchase_floors":[5,12,12,22,22],"current_hp_per_floor":[59,59,59,59,59,59,59,37,37,37,25,25,25,21,21,28,52,44,40,40,39,39,0],"gold":39,"neow_bonus":"THREE_ENEMY_KILL","is_prod":false,"is_daily":false,"chose_seed":false,"campfire_upgraded":1,"win_rate":0,"timestamp":1558277971,"path_taken":["M","?","?","?","?","E","?","E","T","M","E","$","M","E","R","BOSS","M","M","?","?","$","E"],"build_version":"2019-01-23","purchased_purges":0,"victory":false,"max_hp_per_floor":[66,66,66,66,66,66,60,60,60,60,60,60,60,60,60,60,60,60,60,60,60,60,60],"card_choices":[{"not_picked":["Setup","Prepared"],"picked":"Bane","floor":4},{"not_picked":["All Out Attack","Finisher"],"picked":"Terror","floor":6},{"not_picked":["Choke","Heel Hook"],"picked":"Flying Knee","floor":8},{"not_picked":["Acrobatics","Caltrops"],"picked":"Sucker Punch","floor":10},{"not_picked":["Dash","Prepared"],"picked":"Noxious Fumes","floor":11},{"not_picked":["Deflect","Finisher"],"picked":"Deadly Poison","floor":14},{"not_picked":["Phantasmal Killer","Night Terror"],"picked":"Corpse Explosion","floor":16},{"not_picked":["Terror+1","Prepared"],"picked":"Crippling Poison","floor":18},{"not_picked":["Dagger Spray","Concentrate"],"picked":"Setup+1","floor":21}],"player_experience":917793,"relics_obtained":[{"floor":6,"key":"Pantograph"},{"floor":8,"key":"Meat on the Bone"},{"floor":9,"key":"Matryoshka"},{"floor":11,"key":"Tiny Chest"},{"floor":14,"key":"Centennial Puzzle"}],"event_choices":[{"damage_healed":0,"gold_gain":0,"cards_transformed":["Defend_G"],"player_choice":"Change","damage_taken":0,"max_hp_gain":0,"max_hp_loss":0,"event_name":"Living Wall","floor":2,"gold_loss":0,"cards_obtained":["Expertise"]},{"damage_healed":0,"gold_gain":0,"player_choice":"Bought 3 Potions","damage_taken":0,"max_hp_gain":0,"max_hp_loss":0,"event_name":"The Woman in Blue","floor":3,"gold_loss":0},{"damage_healed":0,"gold_gain":0,"player_choice":"Lose Max HP","damage_taken":0,"relics_obtained":["Golden Idol"],"max_hp_gain":0,"max_hp_loss":6,"event_name":"Golden Idol","floor":7,"gold_loss":0},{"damage_healed":0,"gold_gain":0,"player_choice":"Trade","damage_taken":0,"relics_obtained":["SsserpentHead"],"max_hp_gain":0,"max_hp_loss":0,"event_name":"FaceTrader","floor":20,"gold_loss":0}],"is_beta":false,"boss_relics":[{"not_picked":["Tiny House","Calling Bell"],"picked":"Coffee Dripper"}],"items_purged_floors":[],"is_endless":false,"potions_floor_spawned":[6,10,14,16,18,21],"killed_by":"Book of Stabbing","ascension_level":18}