{"gold_per_floor":[115,115,40,57,5,65,65,90,113,113,127,127,139,166,166,243,243,257,257,283,283,483,483,27,27,27,27,37,68,82,82],"floor_reached":31,"playtime":623,"items_purged":["Pain","Writhe"],"score":588,"play_id":"83304bb1-6bae-4c3d-90c2-4dc7717e95a7","local_time":"20190730151658","is_ascension_mode":true,"campfire_choices":[{"data":"Streamline","floor":7,"key":"SMITH"},{"data":"Dualcast","floor":10,"key":"SMITH"},{"data":"Zap","floor":12,"key":"SMITH"},{"floor":15,"key":"REST"},{"data":"Defragment","floor":23,"key":"SMITH"},{"data":"Loop","floor":25,"key":"SMITH"},{"data":"Strike_B","floor":27,"key":"PURGE"}],"neow_cost":"NONE","seed_source_timestamp":949664353444700,"circlet_count":0,"master_deck":["AscendersBane","Strike_B","Defend_B","Defend_B","Defend_B","Defend_B","Zap+1","Dualcast+1","Streamline+1","Ball Lightning","Turbo","Genetic Algorithm","Reinforced Body","Electrodynamics","Coolheaded","Defragment+1","Loop+1","Loop","Coolheaded","Hologram+1"],"relics":["Cracked Core","NeowsBlessing","WarpedTongs","Tiny Chest","Oddly Smooth Stone","Dodecahedron","Empty Cage","Red Mask","Pear","Peace Pipe","Girya","Vajra"],"potions_floor_usage":[16,18,20,20,29],"damage_taken":[{"damage":0,"enemies":"2 Louse","floor":1,"turns":1},{"damage":0,"enemies":"Cultist","floor":4,"turns":1},{"damage":0,"enemies":"Gremlin Nob","floor":6,"turns":1},{"damage":14,"enemies":"Lagavulin","floor":8,"turns":6},{"damage":6,"enemies":"Small Slimes","floor":11,"turns":3},{"damage":4,"enemies":"Blue Slaver","floor":13,"turns":3},{"damage":32,"enemies":"Gremlin Nob","floor":14,"turns":4},{"damage":18,"enemies":"Hexaghost","floor":16,"turns":9},{"damage":3,"enemies":"3 Byrds","floor":18,"turns":2},{"damage":15,"enemies":"Masked Bandits","floor":20,"turns":3},{"damage":0,"enemies":"Chosen","floor":28,"turns":4},{"damage":21,"enemies":"Slavers","floor":29,"turns":4},{"damage":1,"enemies":"Snake Plant","floor":30,"turns":5},{"damage":32,"enemies":"Book of Stabbing","floor":31,"turns":5}],"seed_played":"7347869743750381346","potions_obtained":[{"floor":4,"key":"SpeedPotion"},{"floor":14,"key":"Explosive Potion"},{"floor":16,"key":"LiquidBronze"},{"floor":18,"key":"Block Potion"},{"floor":28,"key":"Block Potion"}],"is_trial":false,"path_per_floor":["M","?","$","M","$","E","R","E","T","R","M","R","M","E","R","B",null,"M","?","?","?","?","R","$","R","T","R","M","E","M","E"],"character_chosen":"DEFECT","items_purchased":["Ball Lightning","Peace Pipe","Loop"],"campfire_rested":1,"item_purchase_floors":[5,24,24],"current_hp_per_floor":[64,64,64,64,64,64,64,50,50,50,44,44,40,8,29,11,56,53,53,38,48,48,48,48,48,48,48,48,27,26,0],"gold":82,"neow_bonus":"THREE_ENEMY_KILL","is_prod":false,"is_daily":false,"chose_seed":false,"campfire_upgraded":5,"win_rate":0,"timestamp":1564467418,"path_taken":["M","?","$","M","?","E","R","E","T","R","M","R","M","E","R","BOSS","M","?","?","?","?","R","$","R","T","R","M","E","?","E"],"build_version":"2019-07-17","purchased_purges":2,"victory":false,"max_hp_per_floor":[71,71,71,71,71,71,71,71,71,71,71,71,71,71,71,71,71,71,71,71,81,81,81,81,81,81,81,81,81,81,81],"card_choices":[{"not_picked":["Redo","Force Field"],"picked":"Streamline","floor":1},{"not_picked":["Redo","Skim","Heatsinks"],"picked":"SKIP","floor":4},{"not_picked":["Compile Driver","Storm"],"picked":"Turbo","floor":6},{"not_picked":["Leap","Reprogram","Fusion"],"picked":"SKIP","floor":8},{"not_picked":["Go for the Eyes","Redo"],"picked":"Genetic Algorithm","floor":11},{"not_picked":["Thunder Strike","Sweeping Beam","Steam"],"picked":"SKIP","floor":13},{"not_picked":["Ball Lightning","Tempest"],"picked":"Reinforced Body","floor":14},{"not_picked":["Seek","Multi-Cast"],"picked":"Electrodynamics","floor":16},{"not_picked":["Turbo","Streamline+1"],"picked":"Coolheaded","floor":18},{"not_picked":["Hologram","Beam Cell"],"picked":"Loop","floor":28},{"not_picked":["Conserve Battery","BootSequence"],"picked":"Coolheaded","floor":29},{"not_picked":["Scrape","Reinforced Body+1"],"picked":"Hologram+1","floor":30}],"player_experience":1291698,"relics_obtained":[{"floor":6,"key":"Tiny Chest"},{"floor":8,"key":"Oddly Smooth Stone"},{"floor":14,"key":"Dodecahedron"},{"floor":20,"key":"Red Mask"},{"floor":26,"key":"Girya"},{"floor":29,"key":"Vajra"}],"event_choices":[{"damage_healed":0,"gold_gain":0,"player_choice":"Rummage","damage_taken":0,"relics_obtained":["WarpedTongs"],"max_hp_gain":0,"max_hp_loss":0,"event_name":"Accursed Blacksmith","floor":2,"gold_loss":0,"cards_obtained":["Pain"]},{"damage_healed":0,"gold_gain":0,"player_choice":"Read","damage_taken":0,"max_hp_gain":0,"max_hp_loss":0,"event_name":"The Library","floor":19,"gold_loss":0,"cards_obtained":["Defragment"]},{"damage_healed":0,"gold_gain":0,"player_choice":"Fought Bandits","damage_taken":0,"max_hp_gain":0,"max_hp_loss":0,"event_name":"Masked Bandits","floor":20,"gold_loss":0},{"damage_healed":0,"gold_gain":0,"player_choice":"Opened","damage_taken":0,"relics_obtained":["Pear"],"max_hp_gain":0,"max_hp_loss":0,"event_name":"The Mausoleum","floor":21,"gold_loss":0,"cards_obtained":["Writhe"]},{"damage_healed":0,"gold_gain":250,"player_choice":"Bet on Owner","damage_taken":0,"max_hp_gain":0,"max_hp_loss":0,"event_name":"The Joust","floor":22,"gold_loss":50}],"is_beta":false,"boss_relics":[{"not_picked":["Velvet Choker","Calling Bell"],"picked":"Empty Cage"}],"items_purged_floors":[3,24],"is_endless":false,"potions_floor_spawned":[4,14,16,18,28],"killed_by":"Book of Stabbing","ascension_level":20}