{"gold_per_floor":[116,129,129,143,68,112,262,14,14,30,30,30],"floor_reached":12,"playtime":310,"items_purged":["Doubt"],"score":156,"play_id":"5c3f4748-ab32-4119-9e81-7ece2925cbf8","local_time":"20190628212735","is_ascension_mode":true,"campfire_choices":[{"floor":11,"key":"REST"}],"neow_cost":"NONE","seed_source_timestamp":156525375173500,"circlet_count":0,"master_deck":["AscendersBane","Strike_R","Strike_R","Strike_R","Strike_R","Defend_R","Defend_R","Defend_R","Defend_R","Bash","Shrug It Off","Armaments","Anger","Pommel Strike"],"relics":["Fusion Hammer","Golden Idol","Girya","Bag of Preparation","Calipers"],"potions_floor_usage":[12,12],"damage_taken":[{"damage":3,"enemies":"2 Louse","floor":1,"turns":4},{"damage":4,"enemies":"Jaw Worm","floor":2,"turns":4},{"damage":1,"enemies":"Small Slimes","floor":4,"turns":5},{"damage":56,"enemies":"Gremlin Nob","floor":6,"turns":5},{"damage":0,"enemies":"3 Louse","floor":10,"turns":4},{"damage":30,"enemies":"3 Sentries","floor":12,"turns":9}],"seed_played":"-104601300285082510","potions_obtained":[{"floor":4,"key":"GamblersBrew"},{"floor":6,"key":"Dexterity Potion"}],"is_trial":false,"path_per_floor":["M","M","?","M","?","E","?","$","T","M","R","E"],"character_chosen":"IRONCLAD","items_purchased":["Bag of Preparation"],"campfire_rested":1,"item_purchase_floors":[8],"current_hp_per_floor":[65,61,61,60,60,4,4,4,4,4,24,0],"gold":30,"neow_bonus":"BOSS_RELIC","is_prod":false,"is_daily":false,"chose_seed":false,"campfire_upgraded":0,"win_rate":0,"timestamp":1561724855,"path_taken":["M","M","?","M","?","E","?","$","T","M","R","E"],"build_version":"2019-01-23","purchased_purges":1,"victory":false,"max_hp_per_floor":[75,75,68,68,68,68,68,68,68,68,68,68],"card_choices":[{"not_picked":["Havoc","Body Slam"],"picked":"Shrug It Off","floor":1},{"not_picked":["Bloodletting","Metallicize"],"picked":"Armaments","floor":2},{"not_picked":["Sever Soul","Heavy Blade","Dual Wield"],"picked":"SKIP","floor":4},{"not_picked":["Sever Soul","Heavy Blade","Dual Wield"],"picked":"SKIP","floor":4},{"not_picked":["Wild Strike","Fire Breathing"],"picked":"Anger","floor":6},{"not_picked":["Warcry","Heavy Blade"],"picked":"Pommel Strike","floor":10}],"player_experience":871950,"relics_obtained":[{"floor":6,"key":"Girya"},{"floor":9,"key":"Calipers"}],"event_choices":[{"damage_healed":0,"gold_gain":0,"player_choice":"Lose Max HP","damage_taken":0,"relics_obtained":["Golden Idol"],"max_hp_gain":0,"max_hp_loss":7,"event_name":"Golden Idol","floor":3,"gold_loss":0},{"cards_removed":["Strike_R"],"damage_healed":0,"gold_gain":0,"player_choice":"Card Removal","damage_taken":0,"max_hp_gain":0,"max_hp_loss":0,"event_name":"The Cleric","floor":5,"gold_loss":75},{"damage_healed":0,"gold_gain":150,"player_choice":"AGREE","damage_taken":0,"max_hp_gain":0,"max_hp_loss":0,"event_name":"Liars Game","floor":7,"gold_loss":0,"cards_obtained":["Doubt"]}],"is_beta":false,"boss_relics":[],"items_purged_floors":[8],"is_endless":false,"potions_floor_spawned":[4,6],"killed_by":"3 Sentries","ascension_level":20}