{"gold_per_floor":[109,123,123,134,153,179,179,23,23,35,35],"floor_reached":11,"playtime":953,"items_purged":["Strike_G"],"score":150,"play_id":"9da0c268-fa46-4fcd-a5b2-2e38afbd0a4e","local_time":"20190718140328","is_ascension_mode":true,"campfire_choices":[{"floor":7,"key":"REST"}],"neow_cost":"TEN_PERCENT_HP_LOSS","seed_source_timestamp":650116423823491,"circlet_count":0,"master_deck":["AscendersBane","Strike_G","Strike_G","Strike_G","Strike_G","Defend_G","Defend_G","Defend_G","Defend_G","Defend_G","Survivor","Neutralize","Envenom","Leg Sweep","Dagger Throw","Poisoned Stab","Poisoned Stab","Dagger Spray+1","Deflect","Blade Dance","Leg Sweep"],"special_seed":0,"relics":["Ring of the Snake","Molten Egg 2","Letter Opener"],"potions_floor_usage":[5,6,11],"damage_taken":[{"damage":1,"enemies":"Jaw Worm","floor":1,"turns":7},{"damage":1,"enemies":"Small Slimes","floor":2,"turns":7},{"damage":3,"enemies":"2 Louse","floor":4,"turns":3},{"damage":16,"enemies":"Lots of Slimes","floor":5,"turns":6},{"damage":30,"enemies":"Gremlin Nob","floor":6,"turns":4},{"damage":7,"enemies":"Blue Slaver","floor":10,"turns":5},{"damage":15,"enemies":"Lagavulin","floor":11,"turns":8}],"seed_played":"-1856243262937488322","potions_obtained":[{"floor":1,"key":"Strength Potion"},{"floor":2,"key":"Poison Potion"},{"floor":6,"key":"LiquidBronze"}],"is_trial":false,"path_per_floor":["M","M","?","M","M","E","R","$","T","M","E"],"character_chosen":"THE_SILENT","items_purchased":["Deflect","Blade Dance"],"campfire_rested":1,"item_purchase_floors":[8,8],"current_hp_per_floor":[58,57,57,54,38,8,26,26,26,19,4],"gold":35,"neow_bonus":"THREE_RARE_CARDS","is_prod":false,"is_daily":false,"chose_seed":false,"campfire_upgraded":0,"win_rate":0,"timestamp":1563451408,"path_taken":["M","M","?","M","M","E","R","$","T","M","E"],"build_version":"2019-07-05","purchased_purges":1,"victory":false,"max_hp_per_floor":[60,60,60,60,60,60,60,60,60,60,60],"card_choices":[{"not_picked":["After Image","Phantasmal Killer"],"picked":"Envenom","floor":0.0},{"not_picked":["Cloak And Dagger","Backflip"],"picked":"Leg Sweep","floor":1},{"not_picked":["Expertise","Acrobatics"],"picked":"Dagger Throw","floor":2},{"not_picked":["Escape Plan","Quick Slash"],"picked":"Poisoned Stab","floor":4},{"not_picked":["Underhanded Strike","Sucker Punch"],"picked":"Poisoned Stab","floor":5},{"not_picked":["Cloak And Dagger","Concentrate"],"picked":"Dagger Spray","floor":6},{"not_picked":["Deflect","Eviscerate+1"],"picked":"Leg Sweep","floor":10}],"player_experience":1297308,"relics_obtained":[{"floor":6,"key":"Molten Egg 2"},{"floor":9,"key":"Letter Opener"}],"event_choices":[{"damage_healed":0,"gold_gain":0,"player_choice":"Ignored","damage_taken":0,"max_hp_gain":0,"max_hp_loss":0,"event_name":"Liars Game","floor":3,"gold_loss":0}],"is_beta":false,"boss_relics":[],"items_purged_floors":[8],"is_endless":false,"potions_floor_spawned":[1,2,6],"killed_by":"Lagavulin","ascension_level":20}