{"gold_per_floor":[117,131,131,131,145,145,171,171,171,171,171,186,207,270,270,365,365,365,365,365,201,201,201,201],"floor_reached":24,"playtime":566,"items_purged":["Strike_B"],"score":408,"play_id":"4d0248c4-5671-4188-b540-bec155ffa946","local_time":"20190711184613","is_ascension_mode":true,"campfire_choices":[{"data":"Zap","floor":6,"key":"SMITH"},{"data":"Capacitor","floor":8,"key":"SMITH"},{"floor":10,"key":"REST"},{"floor":15,"key":"REST"},{"floor":23,"key":"REST"}],"neow_cost":"NONE","seed_source_timestamp":13374718817100,"circlet_count":0,"master_deck":["AscendersBane","Strike_B","Strike_B","Strike_B","Defend_B","Defend_B","Defend_B","Defend_B","Zap+1","Dualcast","Capacitor+1","Ball Lightning","Rip and Tear+1","Barrage+1","Cold Snap+1","White Noise","Reboot","Recycle","Blizzard+1","Capacitor"],"relics":["Cracked Core","NeowsBlessing","Molten Egg 2","Darkstone Periapt","Art of War","Bloody Idol","Tiny Chest","Ectoplasm"],"potions_floor_usage":[7,16,16,18],"damage_taken":[{"damage":0,"enemies":"Jaw Worm","floor":1,"turns":1},{"damage":0,"enemies":"2 Louse","floor":2,"turns":1},{"damage":0,"enemies":"Small Slimes","floor":5,"turns":1},{"damage":40,"enemies":"3 Sentries","floor":7,"turns":8},{"damage":14,"enemies":"Exordium Wildlife","floor":12,"turns":3},{"damage":0,"enemies":"2 Fungi Beasts","floor":13,"turns":2},{"damage":13,"enemies":"Lagavulin","floor":14,"turns":5},{"damage":6,"enemies":"Slime Boss","floor":16,"turns":7},{"damage":11,"enemies":"Chosen","floor":18,"turns":4},{"damage":24,"enemies":"3 Byrds","floor":19,"turns":5},{"damage":0,"enemies":"Slavers","floor":24,"turns":1}],"seed_played":"-7453283295156146767","potions_obtained":[{"floor":2,"key":"AttackPotion"},{"floor":12,"key":"SpeedPotion"},{"floor":14,"key":"Strength Potion"},{"floor":16,"key":"AttackPotion"},{"floor":19,"key":"SpeedPotion"}],"is_trial":false,"path_per_floor":["M","M","?","?","M","R","E","R","T","R","?","M","M","E","R","B",null,"M","M","?","$","?","R","E"],"character_chosen":"DEFECT","items_purchased":["Capacitor"],"campfire_rested":3,"item_purchase_floors":[21],"current_hp_per_floor":[64,64,64,64,64,64,24,24,24,45,45,31,31,18,37,31,56,45,21,21,21,21,40,40],"gold":201,"neow_bonus":"THREE_ENEMY_KILL","is_prod":false,"is_daily":false,"chose_seed":false,"campfire_upgraded":2,"win_rate":0,"timestamp":1562838373,"path_taken":["M","M","?","?","M","R","E","R","T","R","?","M","?","E","R","BOSS","M","M","?","$","?","R","E"],"build_version":"2019-07-05","purchased_purges":1,"victory":false,"max_hp_per_floor":[71,71,71,71,71,71,71,71,71,71,64,64,64,64,64,64,64,64,64,64,64,64,64,64],"card_choices":[{"not_picked":["Stack","Rip and Tear"],"picked":"Capacitor","floor":1},{"not_picked":["Melter","Tempest"],"picked":"Ball Lightning","floor":2},{"not_picked":["Redo","Loop"],"picked":"Rip and Tear+1","floor":5},{"not_picked":["Force Field","Redo"],"picked":"Barrage+1","floor":7},{"not_picked":["Stack","Streamline+1"],"picked":"Cold Snap+1","floor":12},{"not_picked":["Leap","Rebound+1","Steam"],"picked":"SKIP","floor":13},{"not_picked":["Cold Snap+1","Gash+1"],"picked":"White Noise","floor":14},{"not_picked":["Rainbow","Hyperbeam+1"],"picked":"Reboot","floor":16},{"not_picked":["Fusion+1","Storm"],"picked":"Recycle","floor":18},{"not_picked":["Hologram","Barrage+1"],"picked":"Blizzard+1","floor":19}],"player_experience":980873,"relics_obtained":[{"floor":7,"key":"Darkstone Periapt"},{"floor":9,"key":"Art of War"},{"floor":14,"key":"Tiny Chest"}],"event_choices":[{"damage_healed":0,"gold_gain":0,"player_choice":"Box","damage_taken":0,"relics_obtained":["Molten Egg 2"],"max_hp_gain":0,"max_hp_loss":0,"event_name":"Big Fish","floor":3,"gold_loss":0,"cards_obtained":["Regret"]},{"cards_removed":["Regret"],"damage_healed":0,"gold_gain":0,"player_choice":"Forget","damage_taken":0,"max_hp_gain":0,"max_hp_loss":0,"event_name":"Living Wall","floor":4,"gold_loss":0},{"damage_healed":0,"gold_gain":0,"player_choice":"Lose Max HP","damage_taken":0,"relics_obtained":["Golden Idol"],"max_hp_gain":0,"max_hp_loss":7,"event_name":"Golden Idol","floor":11,"gold_loss":0},{"damage_healed":0,"gold_gain":0,"player_choice":"Gave Idol","damage_taken":0,"relics_obtained":["Bloody Idol"],"max_hp_gain":0,"max_hp_loss":0,"event_name":"Forgotten Altar","floor":20,"relics_lost":["Golden Idol"],"gold_loss":0},{"damage_healed":0,"gold_gain":50,"player_choice":"Stole From Cult","damage_taken":0,"max_hp_gain":0,"max_hp_loss":0,"event_name":"Nest","floor":22,"gold_loss":0}],"is_beta":false,"boss_relics":[{"not_picked":["Coffee Dripper","Lizard Tail"],"picked":"Ectoplasm"}],"items_purged_floors":[21],"is_endless":false,"potions_floor_spawned":[2,12,14,16,19],"killed_by":"Slavers","ascension_level":20}