{"gold_per_floor":[118,118,43,43,43,43,74,74,74,105,123,123,123,154,154,154],"floor_reached":16,"playtime":462,"items_purged":["Strike_G"],"score":378,"play_id":"70c25496-1048-4c53-90b8-b812b9162012","local_time":"20190719011219","is_ascension_mode":true,"campfire_choices":[{"data":"Neutralize","floor":6,"key":"SMITH"},{"data":"Well Laid Plans","floor":13,"key":"SMITH"},{"data":"Flying Knee","floor":15,"key":"SMITH"}],"neow_cost":"NONE","seed_source_timestamp":690841264072489,"circlet_count":0,"master_deck":["AscendersBane","Strike_G","Strike_G","Strike_G","Defend_G","Defend_G","Defend_G","Defend_G","Defend_G","Survivor","Neutralize+1","Well Laid Plans+1","Dagger Throw","Flying Knee","Adrenaline+1","Flying Knee+1"],"relics":["Ring of the Snake","NeowsBlessing","FossilizedHelix","PreservedInsect","Golden Idol","Toxic Egg 2","Ginger","Blue Candle"],"potions_floor_usage":[],"damage_taken":[{"damage":0,"enemies":"2 Louse","floor":1,"turns":1},{"damage":0,"enemies":"Lagavulin","floor":7,"turns":2},{"damage":0,"enemies":"Gremlin Nob","floor":10,"turns":1},{"damage":0,"enemies":"Jaw Worm","floor":11,"turns":3},{"damage":0,"enemies":"3 Sentries","floor":14,"turns":7},{"damage":52,"enemies":"Slime Boss","floor":16,"turns":9}],"seed_played":"4666717619121955955","potions_obtained":[{"floor":11,"key":"LiquidBronze"}],"is_trial":false,"path_per_floor":["M","?","$","?","?","R","E","?","T","E","M","T","R","E","R","B"],"character_chosen":"THE_SILENT","items_purchased":[],"campfire_rested":0,"item_purchase_floors":[],"current_hp_per_floor":[59,48,48,41,46,46,46,46,46,46,46,46,46,46,46,0],"gold":154,"neow_bonus":"THREE_ENEMY_KILL","is_prod":false,"is_daily":false,"chose_seed":false,"campfire_upgraded":3,"win_rate":0,"timestamp":1563491539,"path_taken":["M","?","$","?","?","R","E","?","T","E","M","?","R","E","R","BOSS"],"build_version":"2019-07-17","purchased_purges":1,"victory":false,"max_hp_per_floor":[66,66,66,66,71,71,71,64,64,64,64,64,64,64,64,64],"card_choices":[{"not_picked":["Underhanded Strike","Bouncing Flask"],"picked":"Well Laid Plans","floor":1},{"not_picked":["Cloak And Dagger","Prepared"],"picked":"Dagger Throw","floor":7},{"not_picked":["PiercingWail+1","All Out Attack"],"picked":"Flying Knee","floor":10},{"not_picked":["Terror+1","Deflect+1"],"picked":"Adrenaline+1","floor":11},{"not_picked":["Endless Agony","Reflex+1"],"picked":"Flying Knee","floor":14}],"player_experience":1301999,"relics_obtained":[{"floor":7,"key":"PreservedInsect"},{"floor":9,"key":"Toxic Egg 2"},{"floor":10,"key":"Ginger"},{"floor":14,"key":"Blue Candle"}],"event_choices":[{"damage_healed":0,"gold_gain":0,"player_choice":"Success","damage_taken":11,"relics_obtained":["FossilizedHelix"],"max_hp_gain":0,"max_hp_loss":0,"event_name":"Scrap Ooze","floor":2,"gold_loss":0},{"cards_removed":["Strike_G"],"damage_healed":0,"gold_gain":0,"player_choice":"Card Removal","damage_taken":7,"max_hp_gain":0,"max_hp_loss":0,"event_name":"Golden Wing","floor":4,"gold_loss":0},{"damage_healed":0,"gold_gain":0,"player_choice":"Donut","damage_taken":0,"max_hp_gain":5,"max_hp_loss":0,"event_name":"Big Fish","floor":5,"gold_loss":0},{"damage_healed":0,"gold_gain":0,"player_choice":"Lose Max HP","damage_taken":0,"relics_obtained":["Golden Idol"],"max_hp_gain":0,"max_hp_loss":7,"event_name":"Golden Idol","floor":8,"gold_loss":0}],"is_beta":false,"boss_relics":[],"items_purged_floors":[3],"is_endless":false,"potions_floor_spawned":[11],"killed_by":"Slime Boss","ascension_level":20}