{"gold_per_floor":[111,111,125,125,145,145,70,99,170,170,197,197,197],"floor_reached":13,"playtime":233,"items_purged":["Strike_R"],"score":182,"play_id":"fb54a3cb-70ba-45d3-abd7-c397f8c7e3f9","local_time":"20190612210822","is_ascension_mode":true,"campfire_choices":[{"data":"Uppercut","floor":6,"key":"SMITH"},{"floor":12,"key":"REST"}],"neow_cost":"NONE","seed_source_timestamp":372094886267800,"circlet_count":0,"master_deck":["AscendersBane","Strike_R","Strike_R","Defend_R","Defend_R","Defend_R","Defend_R","Bash","Uppercut+1","True Grit","Disarm","Armaments","Fiend Fire"],"relics":["Burning Blood","NeowsBlessing","Bronze Scales","Matryoshka","Dodecahedron"],"potions_floor_usage":[8,11],"damage_taken":[{"damage":0,"enemies":"2 Louse","floor":1,"turns":1},{"damage":0,"enemies":"Cultist","floor":3,"turns":1},{"damage":0,"enemies":"Small Slimes","floor":5,"turns":1},{"damage":33,"enemies":"3 Sentries","floor":8,"turns":10},{"damage":39,"enemies":"Lagavulin","floor":11,"turns":8},{"damage":13,"enemies":"3 Sentries","floor":13,"turns":4}],"seed_played":"-8648093716604187338","potions_obtained":[{"floor":1,"key":"LiquidBronze"},{"floor":4,"key":"Fire Potion"},{"floor":4,"key":"SteroidPotion"}],"is_trial":false,"path_per_floor":["M","?","M","?","M","R","$","E","T","?","E","R","E"],"character_chosen":"IRONCLAD","items_purchased":[],"campfire_rested":1,"item_purchase_floors":[],"current_hp_per_floor":[74,74,75,75,75,75,75,48,48,48,15,37,24],"gold":197,"neow_bonus":"THREE_ENEMY_KILL","is_prod":false,"is_daily":false,"chose_seed":false,"campfire_upgraded":1,"win_rate":0,"timestamp":1560341302,"path_taken":["M","?","M","?","?","R","$","E","T","?","E","R","E"],"build_version":"2019-01-23","purchased_purges":1,"victory":false,"max_hp_per_floor":[75,75,75,75,75,75,75,75,75,75,75,75,75],"card_choices":[{"not_picked":["Rage","Thunderclap","Clothesline"],"picked":"SKIP","floor":1},{"not_picked":["Sword Boomerang","Sever Soul"],"picked":"True Grit","floor":3},{"not_picked":["Perfected Strike","Flex"],"picked":"Disarm","floor":5},{"not_picked":["True Grit","Flex"],"picked":"Armaments","floor":8},{"not_picked":["Intimidate","Havoc"],"picked":"Fiend Fire","floor":11}],"player_experience":619809,"relics_obtained":[{"floor":8,"key":"Bronze Scales"},{"floor":9,"key":"Matryoshka"},{"floor":11,"key":"Dodecahedron"}],"event_choices":[{"damage_healed":0,"gold_gain":0,"cards_transformed":["Strike_R"],"player_choice":"Change","damage_taken":0,"max_hp_gain":0,"max_hp_loss":0,"event_name":"Living Wall","floor":2,"gold_loss":0,"cards_obtained":["Uppercut"]},{"damage_healed":0,"gold_gain":0,"player_choice":"Got Potions","damage_taken":0,"max_hp_gain":0,"max_hp_loss":0,"event_name":"Lab","floor":4,"gold_loss":0},{"cards_removed":["Strike_R"],"damage_healed":0,"gold_gain":0,"player_choice":"Purged","damage_taken":0,"max_hp_gain":0,"max_hp_loss":0,"event_name":"Purifier","floor":10,"gold_loss":0}],"is_beta":false,"boss_relics":[],"items_purged_floors":[7],"is_endless":false,"potions_floor_spawned":[1],"killed_by":"3 Sentries","ascension_level":20}