{"gold_per_floor":[117,117,66,84,97,125,125,145,221,272,272,40,40,73,73,147,147,163,78,88,88,106,106,106,121,121,396,396,83,83,9,9,87,87,100,100,1,0,12,41,41,68,91,91,119,3,3,58,58,58,58,58,58,12,47,47],"floor_reached":57,"playtime":3454,"items_purged":["Strike_R","Regret"],"score":2880,"play_id":"3a8aff2e-08cc-4cb3-96b0-6231912b4a88","local_time":"20190613191926","is_ascension_mode":true,"campfire_choices":[{"data":"Bash","floor":7.0,"key":"SMITH"},{"data":"Anger","floor":11.0,"key":"SMITH"},{"data":"Defend_R","floor":15.0,"key":"SMITH"},{"floor":23.0,"key":"RECALL"},{"floor":32.0,"key":"REST"},{"floor":47.0,"key":"REST"},{"floor":49.0,"key":"REST"},{"floor":53,"key":"REST"}],"neow_cost":"PERCENT_DAMAGE","seed_source_timestamp":12288824064500,"circlet_count":0,"master_deck":["AscendersBane","Strike_R+1","Strike_R","Strike_R","Defend_R","Defend_R","Defend_R+1","Defend_R+1","Bash+1","Reaper+1","Seeing Red+1","Immolate","Evolve","Entrench+1","Warcry+1","Shrug It Off+1","True Grit+1","Feel No Pain","Spot Weakness+1","Battle Trance+1","Second Wind+1","Dual Wield+1","Offering+1","Armaments+1","Flash of Steel+1","Purity+1","Violence+1","Discovery+1","Body Slam","Dual Wield+1","Burning Pact+1","Burning Pact+1","Second Wind+1"],"special_seed":0,"relics":["Burning Blood","Thread and Needle","Nunchaku","Toxic Egg 2","Juzu Bracelet","Lantern","Oddly Smooth Stone","WingedGreaves","Fusion Hammer","Meat on the Bone","Mummified Hand","Sundial","Mark of Pain","Red Mask","The Courier","Whetstone","MawBank","Bag of Preparation","Ginger","Letter Opener"],"potions_floor_usage":[50,56,56],"damage_taken":[{"damage":3.0,"enemies":"Small Slimes","floor":1.0,"turns":5.0},{"damage":3.0,"enemies":"Jaw Worm","floor":4.0,"turns":4.0},{"damage":0.0,"enemies":"Cultist","floor":5.0,"turns":3.0},{"damage":25.0,"enemies":"Gremlin Nob","floor":6.0,"turns":4.0},{"damage":8.0,"enemies":"3 Louse","floor":8.0,"turns":4.0},{"damage":12.0,"enemies":"Lagavulin","floor":14.0,"turns":5.0},{"damage":23.0,"enemies":"The Guardian","floor":16.0,"turns":17.0},{"damage":0.0,"enemies":"2 Thieves","floor":18.0,"turns":3.0},{"damage":15.0,"enemies":"3 Byrds","floor":20.0,"turns":5.0},{"damage":29.0,"enemies":"Snecko","floor":22.0,"turns":7.0},{"damage":25.0,"enemies":"Chosen and Byrds","floor":25.0,"turns":6.0},{"damage":42.0,"enemies":"Champ","floor":33.0,"turns":33.0},{"damage":10.0,"enemies":"Orb Walker","floor":35.0,"turns":5.0},{"damage":6.0,"enemies":"3 Shapes","floor":39.0,"turns":7.0},{"damage":11.0,"enemies":"Nemesis","floor":40.0,"turns":9.0},{"damage":43.0,"enemies":"Giant Head","floor":42.0,"turns":8.0},{"damage":6.0,"enemies":"Nemesis","floor":45.0,"turns":7.0},{"damage":21.0,"enemies":"2 Orb Walkers","floor":48.0,"turns":7.0},{"damage":100,"enemies":"Time Eater","floor":50,"turns":11},{"damage":6,"enemies":"Donu and Deca","floor":51,"turns":6},{"damage":19,"enemies":"Shield and Spear","floor":55,"turns":4},{"damage":30,"enemies":"The Heart","floor":56,"turns":9}],"seed_played":"3400475267785531062","potions_obtained":[{"floor":4.0,"key":"FearPotion"},{"floor":5.0,"key":"GamblersBrew"},{"floor":14.0,"key":"SpeedPotion"},{"floor":16.0,"key":"Fire Potion"},{"floor":22.0,"key":"Regen Potion"},{"floor":25.0,"key":"EssenceOfSteel"},{"floor":33.0,"key":"PowerPotion"},{"floor":42.0,"key":"Swift Potion"}],"is_trial":false,"path_per_floor":["M","?","$","M","M","E","R","M","T","T","R","$","?","E","R","B",null,"M","$","M","T","M","R","?","M","T","?","T","$","?","$","R","B",null,"M","?","$","?","M","E","?","E","T","?","E","$","R","?","R","B","B",null,"R","$","E","B",null],"character_chosen":"IRONCLAD","items_purchased":["Shrug It Off","Lantern","Entrench+1","Feel No Pain","Spot Weakness+1","Battle Trance+1","Dual Wield+1","Discovery+1","Bag of Preparation","Swift Potion"],"campfire_rested":4,"item_purchase_floors":[3,12,19,29,29,29,31,37,46,54],"current_hp_per_floor":[53,30,30,33,39,26,26,36,36,36,36,36,36,36,36,20,61,71,71,66,66,47,47,47,46,46,46,46,46,46,46,68,75,75,75,65,65,65,75,75,71,71,71,71,71,71,71,62,71,71,71,71,71,71,71,60],"gold":47,"neow_bonus":"ONE_RARE_RELIC","is_prod":false,"is_daily":false,"chose_seed":false,"campfire_upgraded":3,"win_rate":0,"timestamp":1560421166,"path_taken":["M","?","$","M","M","E","R","M","T","?","R","$","?","E","R","BOSS","M","$","M","?","M","R","?","M","T","?","?","$","?","$","R","BOSS","M","?","$","?","M","E","?","E","T","?","E","?","R","?","R","BOSS","BOSS","R","$","E","BOSS"],"build_version":"2019-01-23","purchased_purges":2,"victory":true,"max_hp_per_floor":[75,75,75,75,75,75,75,75,75,75,75,75,75,75,75,75,75,75,75,75,75,75,75,75,75,75,75,75,75,75,75,75,75,75,75,75,75,75,75,75,71,71,71,71,71,71,71,71,71,71,71,71,71,71,71,71],"card_choices":[{"not_picked":["Iron Wave","Combust","Heavy Blade"],"picked":"SKIP","floor":1.0},{"not_picked":["Wild Strike","Perfected Strike"],"picked":"Anger","floor":4.0},{"not_picked":["Body Slam","Fire Breathing"],"picked":"Reaper","floor":5.0},{"not_picked":["Double Tap","Heavy Blade","Cleave"],"picked":"SKIP","floor":6.0},{"not_picked":["Havoc","Fire Breathing","Anger"],"picked":"SKIP","floor":8.0},{"not_picked":["Dual Wield+1","Sword Boomerang"],"picked":"Seeing Red+1","floor":14.0},{"not_picked":["Dark Embrace","Impervious+1"],"picked":"Immolate","floor":16.0},{"not_picked":["Dropkick","True Grit+1"],"picked":"Evolve","floor":18.0},{"not_picked":["Sever Soul","Clothesline"],"picked":"Warcry+1","floor":20.0},{"not_picked":["Burning Pact+1","Clash+1"],"picked":"Shrug It Off+1","floor":22.0},{"not_picked":["Infernal Blade+1","Sword Boomerang"],"picked":"True Grit+1","floor":25.0},{"not_picked":["Exhume+1","Bludgeon"],"picked":"Offering+1","floor":33.0},{"not_picked":["Body Slam","Clash+1"],"picked":"Armaments+1","floor":35.0},{"not_picked":["Bandage Up+1","Swift Strike"],"picked":"Flash of Steel","floor":36.0},{"not_picked":["Good Instincts+1","Transmutation+1"],"picked":"Purity+1","floor":36.0},{"not_picked":["Mayhem","Thinking Ahead+1"],"picked":"Violence+1","floor":36.0},{"not_picked":["Clothesline","Corruption","Sword Boomerang+1"],"picked":"SKIP","floor":39.0},{"not_picked":["Anger","Reckless Charge"],"picked":"Body Slam","floor":40.0},{"not_picked":["Ghostly Armor+1","Perfected Strike"],"picked":"Dual Wield+1","floor":42.0},{"not_picked":["Wild Strike","Twin Strike"],"picked":"Burning Pact+1","floor":45.0},{"not_picked":["Dropkick","Corruption"],"picked":"Burning Pact+1","floor":48.0},{"not_picked":["Iron Wave","Searing Blow+1"],"picked":"Second Wind+1","floor":55}],"player_experience":637062,"relics_obtained":[{"floor":6.0,"key":"Nunchaku"},{"floor":9.0,"key":"Toxic Egg 2"},{"floor":10.0,"key":"Juzu Bracelet"},{"floor":14.0,"key":"WingedGreaves"},{"floor":21.0,"key":"Meat on the Bone"},{"floor":26.0,"key":"Mummified Hand"},{"floor":28.0,"key":"Sundial"},{"floor":40.0,"key":"The Courier"},{"floor":42.0,"key":"Whetstone"},{"floor":45.0,"key":"MawBank"},{"floor":48.0,"key":"Ginger"},{"floor":55,"key":"Letter Opener"}],"event_choices":[{"damage_healed":0.0,"max_hp_gain":0.0,"max_hp_loss":0.0,"gold_gain":0.0,"event_name":"Shining Light","player_choice":"Entered Light","floor":2.0,"gold_loss":0.0,"damage_taken":23.0,"cards_upgraded":["Strike_R","Defend_R"]},{"cards_removed":["Shrug It Off"],"damage_healed":0.0,"max_hp_gain":0.0,"max_hp_loss":0.0,"gold_gain":0.0,"event_name":"WeMeetAgain","player_choice":"Gave Card","floor":13.0,"gold_loss":0.0,"damage_taken":0.0,"relics_obtained":["Oddly Smooth Stone"]},{"cards_removed":["Strike_R"],"damage_healed":0.0,"max_hp_gain":0.0,"max_hp_loss":0.0,"gold_gain":0.0,"event_name":"Wheel of Change","player_choice":"Card Removal","floor":24.0,"gold_loss":0.0,"damage_taken":0.0},{"damage_healed":0.0,"max_hp_gain":0.0,"max_hp_loss":0.0,"gold_gain":275.0,"event_name":"Golden Shrine","player_choice":"Desecrate","floor":27.0,"gold_loss":0.0,"damage_taken":0.0,"cards_obtained":["Regret"]},{"damage_healed":0.0,"max_hp_gain":0.0,"max_hp_loss":0.0,"gold_gain":0.0,"event_name":"The Library","player_choice":"Read","floor":30.0,"gold_loss":0.0,"damage_taken":0.0,"cards_obtained":["Second Wind"]},{"damage_healed":0.0,"max_hp_gain":0.0,"max_hp_loss":0.0,"gold_gain":0.0,"event_name":"SensoryStone","player_choice":"Memory 3","floor":36.0,"gold_loss":0.0,"damage_taken":10.0},{"damage_healed":0.0,"max_hp_gain":0.0,"max_hp_loss":0.0,"gold_gain":0.0,"event_name":"Tomb of Lord Red Mask","player_choice":"Paid","floor":38.0,"gold_loss":1.0,"damage_taken":0.0,"relics_obtained":["Red Mask"]},{"damage_healed":0.0,"max_hp_gain":0.0,"max_hp_loss":4.0,"gold_gain":0.0,"event_name":"Winding Halls","player_choice":"Max HP","floor":41.0,"gold_loss":0.0,"damage_taken":0.0},{"cards_removed":["Anger"],"damage_healed":0.0,"max_hp_gain":0.0,"max_hp_loss":0.0,"gold_gain":0.0,"event_name":"Falling","player_choice":"Removed Attack","floor":44.0,"gold_loss":0.0,"damage_taken":0.0},{"damage_healed":0.0,"max_hp_gain":0.0,"max_hp_loss":0.0,"gold_gain":0.0,"event_name":"Mysterious Sphere","player_choice":"Fight","floor":48.0,"gold_loss":0.0,"damage_taken":0.0}],"is_beta":false,"boss_relics":[{"not_picked":["Ectoplasm","Black Star"],"picked":"Fusion Hammer"},{"not_picked":["Black Blood","Runic Dome"],"picked":"Mark of Pain"}],"items_purged_floors":[12,29],"is_endless":false,"potions_floor_spawned":[4,5,14,16,22,25,33,42,45],"ascension_level":20}