{"gold_per_floor":[116,116,41,41,59,59,69,86,86,104,120,135,80,99,99,99],"floor_reached":16,"playtime":1015,"items_purged":["Parasite"],"score":182,"play_id":"b38e7df4-53ff-4455-8ddb-421b1d705ee5","local_time":"20190725115029","is_ascension_mode":true,"campfire_choices":[{"floor":6,"key":"REST"},{"floor":15,"key":"REST"}],"neow_cost":"CURSE","seed_source_timestamp":495159153839511,"circlet_count":0,"master_deck":["AscendersBane","Strike_G","Strike_G","Strike_G","Strike_G","Defend_G","Defend_G","Defend_G","Defend_G","Defend_G","Survivor","Neutralize","Slice","Well Laid Plans","Acrobatics","Slice","Underhanded Strike","Malaise"],"relics":["Ring of the Snake","Unceasing Top","Mercury Hourglass"],"potions_floor_usage":[8,12,16,16],"damage_taken":[{"damage":7,"enemies":"Jaw Worm","floor":1,"turns":7},{"damage":2,"enemies":"Small Slimes","floor":5,"turns":3},{"damage":1,"enemies":"Cultist","floor":7,"turns":5},{"damage":14,"enemies":"Lots of Slimes","floor":8,"turns":6},{"damage":8,"enemies":"Blue Slaver","floor":10,"turns":5},{"damage":7,"enemies":"Looter","floor":11,"turns":4},{"damage":12,"enemies":"Large Slime","floor":12,"turns":4},{"damage":0,"enemies":"2 Fungi Beasts","floor":14,"turns":3},{"damage":50,"enemies":"Slime Boss","floor":16,"turns":8}],"seed_played":"-4048633721243431707","potions_obtained":[{"floor":7,"key":"SteroidPotion"},{"floor":10,"key":"Weak Potion"},{"floor":11,"key":"Strength Potion"},{"floor":14,"key":"AttackPotion"}],"is_trial":false,"path_per_floor":["M","?","$","?","M","R","M","M","T","M","M","M","?","M","R","B"],"character_chosen":"THE_SILENT","items_purchased":[],"campfire_rested":2,"item_purchase_floors":[],"current_hp_per_floor":[52,52,52,52,50,63,62,48,48,40,33,21,21,21,39,0],"gold":99,"neow_bonus":"ONE_RARE_RELIC","is_prod":false,"is_daily":false,"chose_seed":false,"campfire_upgraded":0,"win_rate":0,"timestamp":1564044629,"path_taken":["M","?","$","?","M","R","?","M","T","M","M","?","?","M","R","BOSS"],"build_version":"2019-07-17","purchased_purges":1,"victory":false,"max_hp_per_floor":[66,66,63,63,63,63,63,63,63,63,63,63,63,63,63,63],"card_choices":[{"not_picked":["Skewer","Outmaneuver"],"picked":"Slice","floor":1},{"not_picked":["Setup","Bane"],"picked":"Well Laid Plans","floor":5},{"not_picked":["Flechettes","Dagger Spray","Sucker Punch"],"picked":"SKIP","floor":7},{"not_picked":["PiercingWail","Sucker Punch"],"picked":"Acrobatics","floor":8},{"not_picked":["Dagger Spray","Poisoned Stab","Dodge and Roll"],"picked":"SKIP","floor":10},{"not_picked":["Outmaneuver","Backflip"],"picked":"Slice","floor":11},{"not_picked":["Deflect","Deadly Poison"],"picked":"Underhanded Strike","floor":12},{"not_picked":["Deadly Poison","Dagger Spray"],"picked":"Malaise","floor":14}],"player_experience":1656518,"relics_obtained":[{"floor":9,"key":"Mercury Hourglass"}],"event_choices":[{"damage_healed":0,"gold_gain":0,"player_choice":"Ignored","damage_taken":0,"max_hp_gain":0,"max_hp_loss":0,"event_name":"Golden Idol","floor":2,"gold_loss":0},{"cards_removed":["Strike_G"],"damage_healed":0,"gold_gain":0,"player_choice":"Offered Basic","damage_taken":0,"max_hp_gain":0,"max_hp_loss":0,"event_name":"Bonfire Elementals","floor":4,"gold_loss":0},{"damage_healed":0,"gold_gain":0,"player_choice":"Left Gold","damage_taken":0,"max_hp_gain":0,"max_hp_loss":0,"event_name":"World of Goop","floor":13,"gold_loss":55}],"is_beta":false,"boss_relics":[],"items_purged_floors":[3],"is_endless":false,"potions_floor_spawned":[7,10,11,14],"killed_by":"Slime Boss","ascension_level":18}