{"gold_per_floor":[119,138,149,149,224,257,257,285,353,353,364,364,395,408,408,485,485,500,520,520,536,203,203,238,238,265,265,294,294,328,328],"floor_reached":31,"playtime":915,"items_purged":["Strike_R"],"score":622,"play_id":"90716cb1-e4b6-46b5-9dea-bdf52fc87968","local_time":"20190622155629","is_ascension_mode":true,"campfire_choices":[{"data":"Carnage","floor":7.0,"key":"SMITH"},{"floor":12.0,"key":"REST"},{"data":"Bash","floor":15.0,"key":"SMITH"},{"data":"Immolate","floor":23.0,"key":"SMITH"},{"data":"Strike_R","floor":25.0,"key":"PURGE"},{"data":"Decay","floor":27.0,"key":"PURGE"}],"neow_cost":"PERCENT_DAMAGE","seed_source_timestamp":8103198345500,"circlet_count":0,"master_deck":["AscendersBane","Strike_R","Defend_R","Defend_R","Defend_R","Defend_R","Bash+1","Spot Weakness","Sword Boomerang","Carnage+1","Inflame","Shrug It Off","Offering","Immolate+1","Sword Boomerang+1","True Grit+1","Whirlwind","Evolve","Whirlwind+1","Flame Barrier","Disarm","Exhume"],"special_seed":0,"relics":["Burning Blood","Peace Pipe","Art of War","Mercury Hourglass","Juzu Bracelet","Cursed Key","Lee\u0027s Waffle","Regal Pillow","Kunai","Singing Bowl"],"potions_floor_usage":[],"damage_taken":[{"damage":3.0,"enemies":"Cultist","floor":1.0,"turns":5.0},{"damage":4.0,"enemies":"2 Louse","floor":2.0,"turns":4.0},{"damage":13.0,"enemies":"Small Slimes","floor":3.0,"turns":7.0},{"damage":35.0,"enemies":"Lagavulin","floor":6.0,"turns":7.0},{"damage":11.0,"enemies":"Gremlin Nob","floor":8.0,"turns":3.0},{"damage":9.0,"enemies":"3 Louse","floor":11.0,"turns":2.0},{"damage":7.0,"enemies":"3 Sentries","floor":13.0,"turns":4.0},{"damage":19.0,"enemies":"Exordium Thugs","floor":14.0,"turns":7.0},{"damage":25.0,"enemies":"Hexaghost","floor":16.0,"turns":8.0},{"damage":6.0,"enemies":"Chosen","floor":18.0,"turns":3.0},{"damage":17.0,"enemies":"Shell Parasite","floor":19.0,"turns":2.0},{"damage":9.0,"enemies":"Centurion and Healer","floor":21.0,"turns":4.0},{"damage":26.0,"enemies":"Gremlin Leader","floor":24.0,"turns":6.0},{"damage":38.0,"enemies":"Book of Stabbing","floor":28.0,"turns":4.0},{"damage":20.0,"enemies":"Gremlin Leader","floor":30.0,"turns":5.0},{"damage":0,"enemies":"Snake Plant","floor":31,"turns":2}],"seed_played":"-3604739743857739368","potions_obtained":[{"floor":3.0,"key":"LiquidBronze"},{"floor":6.0,"key":"Fire Potion"},{"floor":18.0,"key":"SpeedPotion"},{"floor":30.0,"key":"FearPotion"}],"is_trial":false,"path_per_floor":["M","M","M","?","?","E","R","E","T","?","M","R","E","M","R","B",null,"M","M","?","M","$","R","E","R","T","R","E","?","E","M"],"character_chosen":"IRONCLAD","items_purchased":["Evolve","Lee\u0027s Waffle"],"campfire_rested":1,"item_purchase_floors":[22,22],"current_hp_per_floor":[53,55,48,73,62,33,33,28,28,28,25,47,46,33,33,14,60,60,49,49,46,82,82,62,62,62,62,30,30,16,16],"gold":328,"neow_bonus":"REMOVE_TWO","is_prod":false,"is_daily":false,"chose_seed":false,"campfire_upgraded":3,"win_rate":0,"timestamp":1561186589,"path_taken":["M","M","?","?","?","E","R","E","T","?","M","R","E","M","R","BOSS","M","M","?","M","$","R","E","R","T","R","E","?","E","M"],"build_version":"2019-01-23","purchased_purges":1,"victory":false,"max_hp_per_floor":[75,75,75,75,75,75,75,75,75,75,75,75,75,75,75,75,75,75,75,75,75,82,82,82,82,82,82,82,82,82,82],"card_choices":[{"not_picked":["Havoc","Iron Wave"],"picked":"Spot Weakness","floor":1.0},{"not_picked":["Warcry","Flex","Perfected Strike"],"picked":"SKIP","floor":2.0},{"not_picked":["True Grit","Havoc"],"picked":"Sword Boomerang","floor":3.0},{"not_picked":["Sentinel","Rupture"],"picked":"Carnage","floor":6.0},{"not_picked":["Uppercut","Twin Strike","Flex"],"picked":"SKIP","floor":8.0},{"not_picked":["Sword Boomerang","Iron Wave"],"picked":"Shrug It Off","floor":11.0},{"not_picked":["Flame Barrier","Rupture"],"picked":"Offering","floor":13.0},{"not_picked":["Clash","Warcry","Thunderclap"],"picked":"SKIP","floor":14.0},{"not_picked":["Barricade","Dark Embrace"],"picked":"Immolate","floor":16.0},{"not_picked":["Dropkick","Clash"],"picked":"Sword Boomerang+1","floor":18.0},{"not_picked":["Sever Soul","Sentinel"],"picked":"True Grit+1","floor":19.0},{"not_picked":["Body Slam","Headbutt"],"picked":"Whirlwind","floor":21.0},{"not_picked":["Blood for Blood","Power Through"],"picked":"Whirlwind+1","floor":24.0},{"not_picked":["Second Wind","Flex"],"picked":"Flame Barrier","floor":28.0},{"not_picked":["Fiend Fire","Fire Breathing"],"picked":"Exhume","floor":30.0}],"player_experience":742980,"relics_obtained":[{"floor":6.0,"key":"Peace Pipe"},{"floor":8.0,"key":"Art of War"},{"floor":9.0,"key":"Mercury Hourglass"},{"floor":13.0,"key":"Juzu Bracelet"},{"floor":24.0,"key":"Regal Pillow"},{"floor":28.0,"key":"Kunai"},{"floor":30.0,"key":"Singing Bowl"}],"event_choices":[{"damage_healed":25.0,"max_hp_gain":0.0,"max_hp_loss":0.0,"gold_gain":0.0,"event_name":"Big Fish","player_choice":"Banana","floor":4.0,"gold_loss":0.0,"damage_taken":0.0},{"damage_healed":0.0,"max_hp_gain":0.0,"max_hp_loss":0.0,"gold_gain":75.0,"event_name":"World of Goop","player_choice":"Gather Gold","floor":5.0,"gold_loss":0.0,"damage_taken":11.0},{"damage_healed":0.0,"max_hp_gain":0.0,"max_hp_loss":0.0,"gold_gain":0.0,"event_name":"Match and Keep!","player_choice":"1 cards matched","floor":10.0,"gold_loss":0.0,"damage_taken":0.0,"cards_obtained":["Inflame"]},{"damage_healed":0.0,"max_hp_gain":0.0,"max_hp_loss":0.0,"gold_gain":0.0,"event_name":"The Mausoleum","player_choice":"Ignored","floor":20.0,"gold_loss":0.0,"damage_taken":0.0},{"damage_healed":0.0,"max_hp_gain":0.0,"max_hp_loss":0.0,"gold_gain":0.0,"event_name":"The Library","player_choice":"Read","floor":29.0,"gold_loss":0.0,"damage_taken":0.0,"cards_obtained":["Disarm"]}],"is_beta":false,"boss_relics":[{"not_picked":["Busted Crown","Velvet Choker"],"picked":"Cursed Key"}],"items_purged_floors":[22],"is_endless":false,"potions_floor_spawned":[3,6,18,24,30],"killed_by":"Snake Plant","ascension_level":20}