{"gold_per_floor":[109,24,24,38,38,68,68,68,68,81,116,116,116,134,134,235,235,248,248,265,39,39,39,68,68,68,86,97,114,114,124,124,124],"floor_reached":33,"playtime":2729,"items_purged":[],"score":496,"play_id":"aea587df-eb09-4a05-9993-0df3b354b84b","local_time":"20190613194343","is_ascension_mode":true,"campfire_choices":[{"data":"Catalyst","floor":7.0,"key":"SMITH"},{"floor":12.0,"key":"REST"},{"floor":15.0,"key":"REST"},{"data":"Burst","floor":23.0,"key":"SMITH"},{"floor":25,"key":"REST"},{"floor":30,"key":"REST"},{"floor":32,"key":"REST"}],"neow_cost":"NONE","seed_source_timestamp":997048019266,"circlet_count":0,"master_deck":["Defend_G+1","Defend_G+1","Defend_G+1","Defend_G+1","Strike_G+1","Strike_G+1","Strike_G+1","Survivor","Neutralize","Poisoned Stab","Noxious Fumes","Catalyst+1","Deadly Poison","Backstab","Burst+1","Sucker Punch+1","Noxious Fumes+1","Deflect+1","Deadly Poison+1","Deadly Poison","Poisoned Stab","Catalyst","Deadly Poison","Poisoned Stab","Deadly Poison"],"special_seed":0,"relics":["Ring of the Snake","NeowsBlessing","Blue Candle","Anchor","Frozen Egg 2","Happy Flower","Astrolabe","Omamori","Strawberry","Peace Pipe"],"potions_floor_usage":[31],"damage_taken":[{"damage":0.0,"enemies":"Jaw Worm","floor":1.0,"turns":1.0},{"damage":0.0,"enemies":"Small Slimes","floor":4.0,"turns":1.0},{"damage":0.0,"enemies":"Gremlin Nob","floor":6.0,"turns":1.0},{"damage":0.0,"enemies":"Cultist","floor":10.0,"turns":3.0},{"damage":15.0,"enemies":"Lagavulin","floor":11.0,"turns":6.0},{"damage":7.0,"enemies":"Large Slime","floor":14.0,"turns":4.0},{"damage":36.0,"enemies":"Hexaghost","floor":16.0,"turns":7.0},{"damage":0.0,"enemies":"Chosen","floor":18.0,"turns":2.0},{"damage":2.0,"enemies":"2 Thieves","floor":20.0,"turns":5.0},{"damage":29,"enemies":"Slavers","floor":24,"turns":4},{"damage":0,"enemies":"Snake Plant","floor":27,"turns":2},{"damage":5,"enemies":"Chosen and Byrds","floor":28,"turns":4},{"damage":18,"enemies":"3 Cultists","floor":29,"turns":5},{"damage":23,"enemies":"Shelled Parasite and Fungi","floor":31,"turns":4},{"damage":93,"enemies":"Collector","floor":33,"turns":5}],"seed_played":"7702718071313852273","potions_obtained":[{"floor":4.0,"key":"SpeedPotion"},{"floor":18.0,"key":"Ancient Potion"},{"floor":27,"key":"FearPotion"},{"floor":29,"key":"Regen Potion"}],"is_trial":false,"path_per_floor":["M","$","?","M","?","E","R","$","T","M","E","R","?","M","R","B",null,"M","?","M","$","?","R","E","R","T","M","M","M","R","M","R","B"],"character_chosen":"THE_SILENT","items_purchased":["Noxious Fumes","AttackPotion","Omamori","Deadly Poison","Poisoned Stab"],"campfire_rested":5,"item_purchase_floors":[2,2,21,21,21],"current_hp_per_floor":[63,63,68,68,68,68,68,68,68,68,53,75,75,68,75,39,66,66,66,64,64,64,64,42,66,66,66,61,43,67,58,82,0],"gold":124,"neow_bonus":"THREE_ENEMY_KILL","is_prod":false,"is_daily":false,"chose_seed":false,"campfire_upgraded":2,"win_rate":0,"timestamp":1560444223,"path_taken":["M","$","?","M","?","E","R","$","T","?","E","R","?","M","R","BOSS","M","?","M","$","?","R","E","R","T","M","M","M","R","M","R","BOSS"],"build_version":"2019-01-23","purchased_purges":0,"victory":false,"max_hp_per_floor":[70,70,75,75,75,75,75,75,75,75,75,75,75,75,75,75,75,75,75,75,75,75,75,82,82,82,82,82,82,82,82,82,82],"card_choices":[{"not_picked":["Acrobatics","Deadly Poison"],"picked":"Poisoned Stab","floor":1.0},{"not_picked":["Cloak And Dagger","Deflect"],"picked":"Catalyst","floor":4.0},{"not_picked":["Dagger Spray","Concentrate","Blade Dance"],"picked":"SKIP","floor":6.0},{"not_picked":["Dagger Throw","Distraction","Cloak And Dagger"],"picked":"SKIP","floor":10.0},{"not_picked":["Cloak And Dagger","Eviscerate"],"picked":"Deadly Poison","floor":11.0},{"not_picked":["Outmaneuver","Predator"],"picked":"Backstab","floor":14.0},{"not_picked":["Malaise","Glass Knife"],"picked":"Burst","floor":16.0},{"not_picked":["Tactician","Poisoned Stab"],"picked":"Deadly Poison+1","floor":18.0},{"not_picked":["Outmaneuver+1","Backflip+1","Underhanded Strike"],"picked":"SKIP","floor":20.0},{"not_picked":["Masterful Stab","Crippling Poison+1"],"picked":"Catalyst","floor":24},{"not_picked":["Heel Hook+1","Finisher"],"picked":"Deadly Poison","floor":27},{"not_picked":["Distraction","All Out Attack"],"picked":"Poisoned Stab","floor":28},{"not_picked":["Dodge and Roll","Blade Dance+1"],"picked":"Deadly Poison","floor":29},{"not_picked":["Finisher+1","Dagger Throw","Cloak And Dagger+1"],"picked":"SKIP","floor":31}],"player_experience":1525634,"relics_obtained":[{"floor":5.0,"key":"Blue Candle"},{"floor":6.0,"key":"Anchor"},{"floor":9.0,"key":"Frozen Egg 2"},{"floor":11.0,"key":"Happy Flower"},{"floor":24,"key":"Strawberry"},{"floor":26,"key":"Peace Pipe"}],"event_choices":[{"damage_healed":0.0,"max_hp_gain":5.0,"max_hp_loss":0.0,"gold_gain":0.0,"event_name":"Big Fish","player_choice":"Donut","floor":3.0,"gold_loss":0.0,"damage_taken":0.0},{"damage_healed":0.0,"max_hp_gain":0.0,"max_hp_loss":0.0,"gold_gain":0.0,"event_name":"Wheel of Change","player_choice":"Relic","floor":5.0,"gold_loss":0.0,"damage_taken":0.0},{"damage_healed":0.0,"max_hp_gain":0.0,"max_hp_loss":0.0,"gold_gain":0.0,"event_name":"The Cleric","player_choice":"Leave","floor":13.0,"gold_loss":0.0,"damage_taken":0.0},{"damage_healed":0.0,"max_hp_gain":0.0,"max_hp_loss":0.0,"gold_gain":0.0,"event_name":"Back to Basics","player_choice":"Simplicity","floor":19.0,"gold_loss":0.0,"damage_taken":0.0,"cards_upgraded":["Defend_G","Defend_G","Defend_G","Defend_G","Strike_G","Strike_G","Strike_G"]},{"damage_healed":0.0,"max_hp_gain":0.0,"max_hp_loss":0.0,"gold_gain":0.0,"event_name":"N\u0027loth","player_choice":"Ignored","floor":22.0,"gold_loss":0.0,"damage_taken":0.0}],"is_beta":false,"boss_relics":[{"not_picked":["Velvet Choker","Runic Pyramid"],"picked":"Astrolabe"}],"items_purged_floors":[],"is_endless":false,"potions_floor_spawned":[4,18,27,29],"killed_by":"Collector","ascension_level":9}