{"gold_per_floor":[109,0,0,10,10,10,36,36,36,51,51,84,94,104,104,181,181,154,154,154,66,82,82,114,114],"floor_reached":25,"playtime":1750,"items_purged":[],"score":544,"play_id":"963f50b7-44f4-4fbc-ad45-e8a0fdae5877","local_time":"20190520101125","is_ascension_mode":true,"campfire_choices":[{"data":"Dagger Spray","floor":6.0,"key":"SMITH"},{"data":"Sucker Punch","floor":8.0,"key":"SMITH"},{"data":"Backstab","floor":11.0,"key":"SMITH"},{"data":"Blade Dance","floor":15.0,"key":"SMITH"},{"data":"Bullet Time","floor":23.0,"key":"SMITH"}],"neow_cost":"NONE","seed_source_timestamp":73461917322831,"circlet_count":0,"master_deck":["AscendersBane","Defend_G","Defend_G","Defend_G","Defend_G","Defend_G","Strike_G","Strike_G","Strike_G","Strike_G","Strike_G","Survivor","Neutralize+1","Dagger Spray+1","Sucker Punch+1","Backstab+1","Dagger Throw","Escape Plan","Predator","Blade Dance+1","Bullet Time+1","Backflip","Terror","Crippling Poison","Calculated Gamble+1"],"special_seed":0,"relics":["Ring of the Snake","NeowsBlessing","Question Card","Ornamental Fan","Sundial","Eternal Feather","Gambling Chip"],"potions_floor_usage":[],"damage_taken":[{"damage":0.0,"enemies":"2 Louse","floor":1.0,"turns":1.0},{"damage":0.0,"enemies":"Jaw Worm","floor":4.0,"turns":1.0},{"damage":0.0,"enemies":"Gremlin Nob","floor":7.0,"turns":1.0},{"damage":0.0,"enemies":"Cultist","floor":10.0,"turns":3.0},{"damage":0.0,"enemies":"3 Sentries","floor":12.0,"turns":4.0},{"damage":0.0,"enemies":"Looter","floor":13.0,"turns":2.0},{"damage":2.0,"enemies":"Red Slaver","floor":14.0,"turns":3.0},{"damage":17.0,"enemies":"Slime Boss","floor":16.0,"turns":7.0},{"damage":3.0,"enemies":"2 Thieves","floor":18.0,"turns":4.0},{"damage":17.0,"enemies":"Spheric Guardian","floor":22.0,"turns":4.0},{"damage":44.0,"enemies":"Slavers","floor":24.0,"turns":8.0},{"damage":11,"enemies":"Shelled Parasite and Fungi","floor":25,"turns":2}],"seed_played":"-550232429893523265","potions_obtained":[{"floor":1.0,"key":"Strength Potion"},{"floor":16.0,"key":"Weak Potion"},{"floor":18.0,"key":"LiquidBronze"}],"is_trial":false,"path_per_floor":["M","$","?","M","$","R","E","R","T","M","R","E","M","M","R","B",null,"M","?","?","$","M","R","E","M"],"character_chosen":"THE_SILENT","items_purchased":["SteroidPotion","Sucker Punch","Crippling Poison"],"campfire_rested":0,"item_purchase_floors":[2,2,21],"current_hp_per_floor":[59,59,59,59,59,59,59,59,59,59,59,59,59,57,57,40,60,57,57,57,57,40,52,8,0],"gold":114,"neow_bonus":"THREE_ENEMY_KILL","is_prod":false,"is_daily":false,"chose_seed":false,"campfire_upgraded":5,"win_rate":0,"timestamp":1558339885,"path_taken":["M","$","?","M","$","R","E","R","T","M","R","E","M","M","R","BOSS","M","?","?","$","M","R","E","M"],"build_version":"2019-01-23","purchased_purges":0,"victory":false,"max_hp_per_floor":[66,66,66,66,66,66,66,66,66,66,66,66,66,66,66,66,66,66,66,66,66,66,66,66,66],"card_choices":[{"not_picked":["Crippling Poison","Outmaneuver"],"picked":"Dagger Spray","floor":1.0},{"not_picked":["Outmaneuver","Bouncing Flask"],"picked":"Backstab","floor":7.0},{"not_picked":["Acrobatics","Tactician","Dodge and Roll"],"picked":"Dagger Throw","floor":10.0},{"not_picked":["Tools of the Trade","Concentrate","Dodge and Roll"],"picked":"Escape Plan","floor":12.0},{"not_picked":["Deflect","Blade Dance","Sucker Punch"],"picked":"Predator","floor":13.0},{"not_picked":["Quick Slash","Endless Agony","Reflex"],"picked":"Blade Dance","floor":14.0},{"not_picked":["After Image","Corpse Explosion","Malaise"],"picked":"Bullet Time","floor":16.0},{"not_picked":["PiercingWail","Deflect","Poisoned Stab"],"picked":"Backflip","floor":18.0},{"not_picked":["Flying Knee","Choke","Corpse Explosion"],"picked":"Calculated Gamble+1","floor":24.0}],"player_experience":935559,"relics_obtained":[{"floor":7.0,"key":"Question Card"},{"floor":9.0,"key":"Ornamental Fan"},{"floor":12.0,"key":"Sundial"},{"floor":24.0,"key":"Gambling Chip"}],"event_choices":[{"damage_healed":0.0,"max_hp_gain":0.0,"max_hp_loss":0.0,"gold_gain":0.0,"event_name":"Living Wall","player_choice":"Grow","floor":3.0,"gold_loss":0.0,"damage_taken":0.0,"cards_upgraded":["Neutralize"]},{"damage_healed":0.0,"max_hp_gain":0.0,"max_hp_loss":0.0,"gold_gain":0.0,"event_name":"Vampires","player_choice":"Ignored","floor":19.0,"gold_loss":0.0,"damage_taken":0.0},{"damage_healed":0.0,"max_hp_gain":0.0,"max_hp_loss":0.0,"gold_gain":0.0,"event_name":"The Library","player_choice":"Read","floor":20.0,"gold_loss":0.0,"damage_taken":0.0,"cards_obtained":["Terror"]}],"is_beta":false,"boss_relics":[{"not_picked":["Coffee Dripper","Philosopher\u0027s Stone"],"picked":"Eternal Feather"}],"items_purged_floors":[],"is_endless":false,"potions_floor_spawned":[1,10,16,18],"killed_by":"Shelled Parasite and Fungi","ascension_level":19}