{"gold_per_floor":[114,114,129,143,163,196,196,271,298,298],"floor_reached":10,"playtime":625,"items_purged":[],"score":136,"play_id":"8b9e0c15-793b-4578-b545-2ac56c5dd9b9","local_time":"20190723224327","is_ascension_mode":true,"campfire_choices":[{"floor":7,"key":"REST"}],"neow_cost":"NONE","seed_source_timestamp":1113774166957827,"circlet_count":0,"master_deck":["AscendersBane","Strike_G","Strike_G","Strike_G","Strike_G","Defend_G","Defend_G","Defend_G","Defend_G","Defend_G","Survivor","Neutralize","Leg Sweep","PiercingWail","Flying Knee","Die Die Die","Flechettes","Terror","Cloak And Dagger"],"relics":["Orrery","Juzu Bracelet","Bag of Marbles"],"potions_floor_usage":[6,6],"damage_taken":[{"damage":0,"enemies":"2 Louse","floor":1,"turns":4},{"damage":0,"enemies":"Cultist","floor":3,"turns":4},{"damage":2,"enemies":"Jaw Worm","floor":4,"turns":4},{"damage":7,"enemies":"2 Fungi Beasts","floor":5,"turns":4},{"damage":24,"enemies":"Lagavulin","floor":6,"turns":8},{"damage":31,"enemies":"3 Sentries","floor":10,"turns":9}],"seed_played":"-4687299834324142450","potions_obtained":[{"floor":1,"key":"Poison Potion"},{"floor":3,"key":"Weak Potion"},{"floor":6,"key":"Fruit Juice"}],"is_trial":false,"path_per_floor":["M","?","M","M","M","E","R","?","T","E"],"character_chosen":"THE_SILENT","items_purchased":[],"campfire_rested":1,"item_purchase_floors":[],"current_hp_per_floor":[59,59,59,57,50,26,45,34,34,3],"gold":298,"neow_bonus":"BOSS_RELIC","is_prod":false,"is_daily":false,"chose_seed":false,"campfire_upgraded":0,"win_rate":0,"timestamp":1563914607,"path_taken":["M","?","M","?","?","E","R","?","T","E"],"build_version":"2019-07-17","purchased_purges":0,"victory":false,"max_hp_per_floor":[66,66,66,66,66,66,66,66,66,66],"card_choices":[{"not_picked":["Choke","Prepared"],"picked":"Leg Sweep","floor":0},{"not_picked":["Bane","Escape Plan"],"picked":"PiercingWail","floor":0},{"not_picked":["Tactician","Caltrops"],"picked":"Flying Knee","floor":0},{"not_picked":["Concentrate","Tactician"],"picked":"Die Die Die","floor":1},{"not_picked":["Eviscerate","PiercingWail"],"picked":"Terror","floor":3},{"not_picked":["PiercingWail","Backflip","Dodge and Roll"],"picked":"SKIP","floor":4},{"not_picked":["Quick Slash","Blade Dance"],"picked":"Cloak And Dagger","floor":5}],"player_experience":1321157,"relics_obtained":[{"floor":6,"key":"Juzu Bracelet"},{"floor":9,"key":"Bag of Marbles"}],"event_choices":[{"damage_healed":0,"gold_gain":0,"cards_transformed":["Strike_G"],"player_choice":"Transformed","damage_taken":0,"max_hp_gain":0,"max_hp_loss":0,"event_name":"Transmorgrifier","floor":2,"gold_loss":0,"cards_obtained":["Flechettes"]},{"damage_healed":0,"gold_gain":75,"player_choice":"Gather Gold","damage_taken":11,"max_hp_gain":0,"max_hp_loss":0,"event_name":"World of Goop","floor":8,"gold_loss":0}],"is_beta":false,"boss_relics":[],"items_purged_floors":[],"is_endless":false,"potions_floor_spawned":[1,3,6],"killed_by":"3 Sentries","ascension_level":20}