{"gold_per_floor":[111,386,402,421,421,421,446,446,499,499,160,160,160,178,178,255,255,272,272,24,42,61,87,101,101],"floor_reached":25,"playtime":682,"items_purged":["Regret"],"score":492,"play_id":"45d44e13-820a-4c77-a8b6-dd7ac2dfb73e","local_time":"20190715171316","is_ascension_mode":true,"campfire_choices":[{"data":"Bash","floor":6.0,"key":"SMITH"},{"data":"Immolate","floor":8.0,"key":"SMITH"},{"data":"Bloodletting","floor":10.0,"key":"SMITH"},{"data":"Pommel Strike","floor":12.0,"key":"SMITH"},{"data":"Twin Strike","floor":15.0,"key":"SMITH"}],"neow_cost":"CURSE","seed_source_timestamp":228335296811700,"circlet_count":0,"master_deck":["AscendersBane","Strike_R","Strike_R","Defend_R","Defend_R","Defend_R","Defend_R","Bash+1","Twin Strike+1","Bloodletting+1","Pommel Strike+1","Burning Pact","Dropkick","Immolate+1","Bludgeon","Evolve","Spot Weakness","Dropkick","Feel No Pain"],"special_seed":0,"relics":["Burning Blood","Boot","Juzu Bracelet","Pantograph","Cursed Key","Lantern","Mango"],"potions_floor_usage":[],"damage_taken":[{"damage":10.0,"enemies":"Small Slimes","floor":1.0,"turns":5.0},{"damage":4.0,"enemies":"Cultist","floor":3.0,"turns":3.0},{"damage":7.0,"enemies":"2 Louse","floor":4.0,"turns":3.0},{"damage":51.0,"enemies":"Gremlin Nob","floor":7.0,"turns":4.0},{"damage":12.0,"enemies":"Exordium Wildlife","floor":14.0,"turns":3.0},{"damage":32.0,"enemies":"Slime Boss","floor":16.0,"turns":7.0},{"damage":6.0,"enemies":"Spheric Guardian","floor":18.0,"turns":3.0},{"damage":18.0,"enemies":"2 Thieves","floor":21.0,"turns":3.0},{"damage":18.0,"enemies":"Centurion and Healer","floor":22.0,"turns":3.0},{"damage":3.0,"enemies":"Gremlin Leader","floor":23.0,"turns":3.0},{"damage":28.0,"enemies":"Cultist and Chosen","floor":24.0,"turns":4.0},{"damage":27,"enemies":"Slavers","floor":25,"turns":2}],"seed_played":"1832681420888788742","potions_obtained":[{"floor":7.0,"key":"Regen Potion"},{"floor":16.0,"key":"Swift Potion"},{"floor":23.0,"key":"LiquidBronze"}],"is_trial":false,"path_per_floor":["M","?","M","M","?","R","E","R","T","R","$","R","?","M","R","B",null,"M","?","$","M","M","E","M","E"],"character_chosen":"IRONCLAD","items_purchased":["Pantograph","Lantern","Evolve"],"campfire_rested":0,"item_purchase_floors":[11,20,20],"current_hp_per_floor":[64,64,66,65,58,58,13,13,13,13,13,13,13,16,16,15,60,60,60,60,48,36,53,31,4],"gold":101,"neow_bonus":"TRANSFORM_TWO_CARDS","is_prod":false,"is_daily":false,"chose_seed":false,"campfire_upgraded":5,"win_rate":0,"timestamp":1563178396,"path_taken":["M","?","?","M","?","R","E","R","T","R","$","R","?","M","R","BOSS","M","?","?","M","M","E","M","E"],"build_version":"2019-07-05","purchased_purges":1,"victory":false,"max_hp_per_floor":[75,75,75,75,75,75,75,75,75,75,75,75,75,75,75,75,75,75,75,75,75,75,89,89,89],"card_choices":[{"not_picked":["Dual Wield","Searing Blow"],"picked":"Pommel Strike","floor":1.0},{"not_picked":["Havoc","Body Slam"],"picked":"Burning Pact","floor":3.0},{"not_picked":["Cleave","Pommel Strike"],"picked":"Dropkick","floor":4.0},{"not_picked":["Clothesline","Iron Wave"],"picked":"Immolate","floor":7.0},{"not_picked":["Havoc","Iron Wave","Pummel"],"picked":"SKIP","floor":14.0},{"not_picked":["Berserk","Juggernaut"],"picked":"Bludgeon","floor":16.0},{"not_picked":["Armaments","Fire Breathing","Clothesline+1"],"picked":"SKIP","floor":18.0},{"not_picked":["Dual Wield","Body Slam"],"picked":"Spot Weakness","floor":21.0},{"not_picked":["Pommel Strike","Heavy Blade+1"],"picked":"Dropkick","floor":22.0},{"not_picked":["Pummel","Blood for Blood"],"picked":"Feel No Pain","floor":23.0},{"not_picked":["Headbutt","Havoc","Evolve+1"],"picked":"SKIP","floor":24.0}],"player_experience":1042809,"relics_obtained":[{"floor":7.0,"key":"Boot"},{"floor":9.0,"key":"Juzu Bracelet"},{"floor":23.0,"key":"Mango"}],"event_choices":[{"damage_healed":0.0,"max_hp_gain":0.0,"max_hp_loss":0.0,"gold_gain":275.0,"event_name":"Golden Shrine","player_choice":"Desecrate","floor":2.0,"gold_loss":0.0,"damage_taken":0.0,"cards_obtained":["Regret"]},{"cards_removed":["Normality"],"damage_healed":0.0,"max_hp_gain":0.0,"max_hp_loss":0.0,"gold_gain":0.0,"event_name":"Golden Wing","player_choice":"Card Removal","floor":5.0,"gold_loss":0.0,"damage_taken":7.0},{"damage_healed":0.0,"max_hp_gain":0.0,"max_hp_loss":0.0,"gold_gain":0.0,"event_name":"Shining Light","player_choice":"Ignored","floor":13.0,"gold_loss":0.0,"damage_taken":0.0},{"cards_removed":["Strike_R"],"damage_healed":0.0,"max_hp_gain":0.0,"max_hp_loss":0.0,"gold_gain":0.0,"event_name":"Purifier","player_choice":"Purged","floor":19.0,"gold_loss":0.0,"damage_taken":0.0}],"is_beta":false,"boss_relics":[{"not_picked":["Runic Cube","Calling Bell"],"picked":"Cursed Key"}],"items_purged_floors":[11],"is_endless":false,"potions_floor_spawned":[7,16,23],"killed_by":"Slavers","ascension_level":20}