{"gold_per_floor":[115,115,115,31,49,85,85,116,142,142,181,181,204,279,279,372,372,391,242,242,265,265,299,299,342,427,439,49,49,90,90,90,180,180,205,1204,1270,1291,914,914,914,914,939,970,105,123,123,456,456,456,456,456,456,41,75,75],"floor_reached":57,"playtime":2027,"items_purged":["Strike_B","Strike_B+1","Normality","Normality"],"score":2992,"play_id":"9915a64b-e3bd-4931-8544-26d427f43320","local_time":"20190626194655","is_ascension_mode":true,"campfire_choices":[{"data":"Defragment","floor":7.0,"key":"SMITH"},{"data":"Zap","floor":10.0,"key":"SMITH"},{"data":"Tempest","floor":15.0,"key":"SMITH"},{"data":"Consume","floor":24.0,"key":"SMITH"},{"floor":27.0,"key":"REST"},{"data":"Capacitor","floor":29.0,"key":"SMITH"},{"data":"Hologram","floor":32.0,"key":"SMITH"},{"floor":40.0,"key":"REST"},{"data":"Coolheaded","floor":42.0,"key":"SMITH"},{"floor":49.0,"key":"RECALL"},{"data":"Defragment","floor":53.0,"key":"SMITH"}],"neow_cost":"NONE","seed_source_timestamp":366166476916700,"circlet_count":0,"master_deck":["AscendersBane","Strike_B+1","Defend_B+1","Defend_B+1","Defend_B+1","Defend_B+1","Zap+1","Dualcast","Tempest+1","Defragment+1","Rip and Tear","Cold Snap","Meteor Strike","Coolheaded+1","Cold Snap+1","Necronomicurse","Consume+1","White Noise","Capacitor+1","Hologram+1","Skim","Creative AI","Echo Form","Defragment+1","Chill+1","Multi-Cast"],"special_seed":0,"relics":["Cracked Core","NeowsBlessing","Oddly Smooth Stone","Calipers","FossilizedHelix","Vajra","Pen Nib","Snecko Eye","Necronomicon","Nunchaku","MawBank","Centennial Puzzle","Mango","Blood Vial","Nuclear Battery","Prayer Wheel","PreservedInsect","Regal Pillow","Torii","Dead Branch","Medical Kit","Gambling Chip","Boot"],"potions_floor_usage":[56],"damage_taken":[{"damage":0.0,"enemies":"Jaw Worm","floor":1.0,"turns":1.0},{"damage":0.0,"enemies":"Small Slimes","floor":5.0,"turns":2.0},{"damage":0.0,"enemies":"Lagavulin","floor":6.0,"turns":1.0},{"damage":11.0,"enemies":"Gremlin Nob","floor":8.0,"turns":3.0},{"damage":8.0,"enemies":"Lagavulin","floor":11.0,"turns":6.0},{"damage":0.0,"enemies":"2 Louse","floor":13.0,"turns":2.0},{"damage":4.0,"enemies":"Slime Boss","floor":16.0,"turns":7.0},{"damage":0.0,"enemies":"Chosen","floor":18.0,"turns":1.0},{"damage":0.0,"enemies":"3 Byrds","floor":21.0,"turns":3.0},{"damage":0.0,"enemies":"Book of Stabbing","floor":23.0,"turns":3.0},{"damage":31.0,"enemies":"Slavers","floor":25.0,"turns":7.0},{"damage":0.0,"enemies":"Gremlin Leader","floor":30.0,"turns":3.0},{"damage":16.0,"enemies":"Champ","floor":33.0,"turns":6.0},{"damage":0.0,"enemies":"3 Shapes","floor":35.0,"turns":7.0},{"damage":0.0,"enemies":"2 Orb Walkers","floor":37.0,"turns":1.0},{"damage":33.0,"enemies":"3 Darklings","floor":38.0,"turns":4.0},{"damage":0.0,"enemies":"Giant Head","floor":44.0,"turns":8.0},{"damage":0.0,"enemies":"4 Shapes","floor":46.0,"turns":5.0},{"damage":10.0,"enemies":"Time Eater","floor":50.0,"turns":7.0},{"damage":30.0,"enemies":"Awakened One","floor":51.0,"turns":5.0},{"damage":0,"enemies":"Shield and Spear","floor":55,"turns":5},{"damage":32,"enemies":"The Heart","floor":56,"turns":5}],"seed_played":"8513621923336382891","potions_obtained":[{"floor":1.0,"key":"SteroidPotion"},{"floor":8.0,"key":"SteroidPotion"},{"floor":11.0,"key":"Fire Potion"},{"floor":25.0,"key":"SkillPotion"},{"floor":33.0,"key":"Dexterity Potion"},{"floor":37.0,"key":"Strength Potion"},{"floor":38.0,"key":"AttackPotion"}],"is_trial":false,"path_per_floor":["M","?","?","$","M","E","R","E","T","R","E","?","M","?","R","B",null,"M","$","?","M","?","E","R","E","T","R","$","R","E","?","R","B",null,"M","?","?","M","$","R","?","R","T","E","$","M","?","?","R","B","B",null,"R","$","E","B",null],"character_chosen":"DEFECT","items_purchased":["Defragment","Self Repair","Capacitor","Hologram","Centennial Puzzle","PreservedInsect","FocusPotion","Echo Form","Dead Branch","Medical Kit","Gambling Chip","Multi-Cast"],"campfire_rested":2,"item_purchase_floors":[4,19,28,28,28,39,39,45,45,45,54,54],"current_hp_per_floor":[64,59,59,59,59,59,59,48,48,48,40,40,40,29,29,25,54,54,54,54,61,40,47,47,23,23,42,42,42,56,56,56,49,71,78,78,78,45,45,68,68,68,68,74,74,74,74,74,74,64,36,65,65,65,67,37],"gold":75,"neow_bonus":"THREE_ENEMY_KILL","is_prod":false,"is_daily":false,"chose_seed":false,"campfire_upgraded":8,"win_rate":0,"timestamp":1561546015,"path_taken":["M","?","?","$","M","E","R","E","T","R","E","?","?","?","R","BOSS","M","$","?","M","?","E","R","E","T","R","$","R","E","?","R","BOSS","M","?","?","M","$","R","?","R","T","E","$","M","?","?","R","BOSS","BOSS","R","$","E","BOSS"],"build_version":"2019-01-23","purchased_purges":4,"victory":true,"max_hp_per_floor":[71,71,64,64,64,64,64,64,64,64,64,64,64,64,64,64,64,64,64,64,64,64,64,64,64,64,64,64,64,78,78,78,78,78,78,78,78,78,78,78,74,74,74,74,74,74,74,74,74,74,74,74,74,74,74,74],"card_choices":[{"not_picked":["Lockon","Chaos"],"picked":"Tempest","floor":1.0},{"not_picked":["Hologram","Barrage","Steam Power"],"picked":"SKIP","floor":5.0},{"not_picked":["Gash","Rebound"],"picked":"Rip and Tear","floor":6.0},{"not_picked":["Go for the Eyes","Reprogram","Storm"],"picked":"SKIP","floor":8.0},{"not_picked":["Hyperbeam","Machine Learning"],"picked":"Cold Snap","floor":11.0},{"not_picked":["Doom and Gloom","Tempest","Melter"],"picked":"SKIP","floor":13.0},{"not_picked":["Multi-Cast","Thunder Strike"],"picked":"Meteor Strike","floor":16.0},{"not_picked":["Rebound","Hologram"],"picked":"Coolheaded","floor":18.0},{"not_picked":["Steam","Streamline"],"picked":"Cold Snap+1","floor":21.0},{"not_picked":["Sweeping Beam","Streamline"],"picked":"Consume","floor":23.0},{"not_picked":["Barrage","Steam"],"picked":"White Noise","floor":25.0},{"not_picked":["Self Repair","Static Discharge"],"picked":"Skim","floor":30.0},{"not_picked":["Electrodynamics","Meteor Strike"],"picked":"Creative AI","floor":33.0},{"not_picked":["Cold Snap","BootSequence","Lockon+1"],"picked":"SKIP","floor":35.0},{"not_picked":["Gash","Sweeping Beam+1","Redo+1"],"picked":"SKIP","floor":38.0},{"not_picked":["Streamline+1","Stack","Turbo"],"picked":"SKIP","floor":38.0},{"not_picked":["Gash","Sweeping Beam+1","Redo+1"],"picked":"SKIP","floor":38.0},{"not_picked":["Streamline+1","Stack","Turbo"],"picked":"SKIP","floor":38.0},{"not_picked":["Hologram","Beam Cell","Aggregate+1"],"picked":"SKIP","floor":44.0},{"not_picked":["Thunder Strike","Compile Driver+1"],"picked":"Defragment","floor":46.0},{"not_picked":["Steam","Barrage"],"picked":"Chill+1","floor":46.0},{"not_picked":["Gash","Beam Cell","Go for the Eyes"],"picked":"SKIP","floor":55}],"player_experience":818284,"relics_obtained":[{"floor":6.0,"key":"Calipers"},{"floor":8.0,"key":"FossilizedHelix"},{"floor":9.0,"key":"Vajra"},{"floor":11.0,"key":"Pen Nib"},{"floor":22.0,"key":"Necronomicon"},{"floor":23.0,"key":"Nunchaku"},{"floor":25.0,"key":"MawBank"},{"floor":30.0,"key":"Mango"},{"floor":37.0,"key":"Prayer Wheel"},{"floor":43.0,"key":"Regal Pillow"},{"floor":44.0,"key":"Torii"},{"floor":55,"key":"Boot"}],"event_choices":[{"damage_healed":0.0,"max_hp_gain":0.0,"max_hp_loss":0.0,"gold_gain":0.0,"event_name":"Scrap Ooze","player_choice":"Success","floor":2.0,"gold_loss":0.0,"damage_taken":5.0,"relics_obtained":["Oddly Smooth Stone"]},{"damage_healed":0.0,"max_hp_gain":0.0,"max_hp_loss":7.0,"gold_gain":0.0,"event_name":"Golden Idol","player_choice":"Lose Max HP","floor":3.0,"gold_loss":0.0,"damage_taken":0.0,"relics_obtained":["Golden Idol"]},{"cards_removed":["Strike_B"],"damage_healed":0.0,"max_hp_gain":0.0,"max_hp_loss":0.0,"gold_gain":0.0,"event_name":"Purifier","player_choice":"Purged","floor":12.0,"gold_loss":0.0,"damage_taken":0.0},{"damage_healed":0.0,"max_hp_gain":0.0,"max_hp_loss":0.0,"gold_gain":75.0,"event_name":"World of Goop","player_choice":"Gather Gold","floor":14.0,"gold_loss":0.0,"damage_taken":11.0},{"damage_healed":0.0,"max_hp_gain":0.0,"max_hp_loss":0.0,"gold_gain":0.0,"event_name":"Back to Basics","player_choice":"Simplicity","floor":20.0,"gold_loss":0.0,"damage_taken":0.0,"cards_upgraded":["Strike_B","Strike_B","Defend_B","Defend_B","Defend_B","Defend_B"]},{"damage_healed":0.0,"max_hp_gain":0.0,"max_hp_loss":0.0,"gold_gain":0.0,"event_name":"Cursed Tome","player_choice":"Obtained Book","floor":22.0,"gold_loss":0.0,"damage_taken":21.0},{"damage_healed":0.0,"max_hp_gain":0.0,"max_hp_loss":0.0,"gold_gain":0.0,"event_name":"WeMeetAgain","player_choice":"Gave Potion","floor":31.0,"gold_loss":0.0,"damage_taken":0.0,"relics_obtained":["Blood Vial"]},{"damage_healed":0.0,"max_hp_gain":0.0,"max_hp_loss":0.0,"gold_gain":999.0,"event_name":"MindBloom","player_choice":"Gold","floor":36.0,"gold_loss":0.0,"damage_taken":0.0,"cards_obtained":["Normality","Normality"]},{"damage_healed":0.0,"max_hp_gain":0.0,"max_hp_loss":0.0,"gold_gain":0.0,"event_name":"Mysterious Sphere","player_choice":"Fight","floor":37.0,"gold_loss":0.0,"damage_taken":0.0},{"damage_healed":0.0,"max_hp_gain":0.0,"max_hp_loss":4.0,"gold_gain":0.0,"event_name":"Winding Halls","player_choice":"Max HP","floor":41.0,"gold_loss":0.0,"damage_taken":0.0},{"cards_removed":["Self Repair"],"damage_healed":0.0,"max_hp_gain":0.0,"max_hp_loss":0.0,"gold_gain":0.0,"event_name":"Falling","player_choice":"Removed Power","floor":47.0,"gold_loss":0.0,"damage_taken":0.0},{"damage_healed":0.0,"max_hp_gain":0.0,"max_hp_loss":0.0,"gold_gain":333.0,"event_name":"The Moai Head","player_choice":"Gave Idol","floor":48.0,"relics_lost":["Golden Idol"],"gold_loss":0.0,"damage_taken":0.0}],"is_beta":false,"boss_relics":[{"not_picked":["Runic Dome","Lizard Tail"],"picked":"Snecko Eye"},{"not_picked":["Runic Pyramid","Sozu"],"picked":"Nuclear Battery"}],"items_purged_floors":[19,28,39,45],"is_endless":false,"potions_floor_spawned":[1,8,11,25,33,37,38],"ascension_level":20}