{"gold_per_floor":[114,264,239,13,24,56,76,106,106,163,176,190,190,206,206,206],"floor_reached":16,"playtime":708,"items_purged":[],"score":184,"play_id":"77517ca4-7809-4189-acd7-18c5505be15f","local_time":"20190722192638","is_ascension_mode":true,"campfire_choices":[{"floor":15,"key":"REST"}],"neow_cost":"NONE","seed_source_timestamp":263603169609447,"circlet_count":0,"master_deck":["AscendersBane","Strike_G","Strike_G","Strike_G","Strike_G","Strike_G","Defend_G","Defend_G","Defend_G","Defend_G","Defend_G","Survivor","Neutralize","Dagger Throw","Doubt","Dagger Throw","Concentrate","Expertise+1","Backflip+1","Eviscerate","Masterful Stab","Prepared+1"],"special_seed":0,"relics":["Ring of the Snake","Bronze Scales","Anchor","Toxic Egg 2","Gremlin Horn","Tiny Chest"],"potions_floor_usage":[16],"damage_taken":[{"damage":0.0,"enemies":"Cultist","floor":1.0,"turns":4.0},{"damage":0.0,"enemies":"Jaw Worm","floor":5.0,"turns":3.0},{"damage":25.0,"enemies":"Gremlin Nob","floor":6.0,"turns":4.0},{"damage":0.0,"enemies":"Small Slimes","floor":7.0,"turns":3.0},{"damage":4.0,"enemies":"Exordium Thugs","floor":11.0,"turns":4.0},{"damage":0.0,"enemies":"Gremlin Gang","floor":12.0,"turns":2.0},{"damage":0,"enemies":"Red Slaver","floor":14,"turns":3},{"damage":69,"enemies":"Slime Boss","floor":16,"turns":8}],"seed_played":"7024400580733771669","potions_obtained":[{"floor":1.0,"key":"Poison Potion"},{"floor":7.0,"key":"Energy Potion"},{"floor":14,"key":"Regen Potion"}],"is_trial":false,"path_per_floor":["M","?","$","$","M","E","M","?","T","T","M","M","?","M","R","B"],"character_chosen":"THE_SILENT","items_purchased":["Dagger Throw","Anchor","Poison Potion"],"campfire_rested":1,"item_purchase_floors":[3,4,4],"current_hp_per_floor":[59,59,59,59,59,34,34,34,34,34,30,30,30,30,49,0],"gold":206,"neow_bonus":"RANDOM_COMMON_RELIC","is_prod":false,"is_daily":false,"chose_seed":false,"campfire_upgraded":0,"win_rate":0,"timestamp":1563812798,"path_taken":["M","?","?","$","M","E","M","?","T","?","M","M","?","M","R","BOSS"],"build_version":"2019-07-17","purchased_purges":0,"victory":false,"max_hp_per_floor":[66,66,66,66,66,66,66,66,66,66,66,66,66,66,66,66],"card_choices":[{"not_picked":["Calculated Gamble","Flying Knee"],"picked":"Dagger Throw","floor":1.0},{"not_picked":["Blade Dance","Deadly Poison"],"picked":"Concentrate","floor":5.0},{"not_picked":["Concentrate","Dagger Spray"],"picked":"Expertise","floor":6.0},{"not_picked":["Bane","Prepared+1"],"picked":"Backflip+1","floor":7.0},{"not_picked":["Dodge and Roll+1","Dagger Throw"],"picked":"Eviscerate","floor":11.0},{"not_picked":["Crippling Poison+1","Bouncing Flask+1"],"picked":"Masterful Stab","floor":12.0},{"not_picked":["Skewer","Caltrops"],"picked":"Prepared+1","floor":14}],"player_experience":1631423,"relics_obtained":[{"floor":6.0,"key":"Toxic Egg 2"},{"floor":9.0,"key":"Gremlin Horn"},{"floor":10.0,"key":"Tiny Chest"}],"event_choices":[{"damage_healed":0.0,"max_hp_gain":0.0,"max_hp_loss":0.0,"gold_gain":150.0,"event_name":"Liars Game","player_choice":"AGREE","floor":2.0,"gold_loss":0.0,"damage_taken":0.0,"cards_obtained":["Doubt"]},{"damage_healed":0.0,"max_hp_gain":0.0,"max_hp_loss":0.0,"gold_gain":30.0,"event_name":"Dead Adventurer","player_choice":"Searched \u00271\u0027 times","floor":8.0,"gold_loss":0.0,"damage_taken":0.0},{"damage_healed":0,"gold_gain":0,"player_choice":"Fled","damage_taken":0,"max_hp_gain":0,"max_hp_loss":0,"event_name":"Scrap Ooze","floor":13,"gold_loss":0}],"is_beta":false,"boss_relics":[],"items_purged_floors":[],"is_endless":false,"potions_floor_spawned":[1,7,14],"killed_by":"Slime Boss","ascension_level":16}