{"gold_per_floor":[210,8,22,22,35,35,67,86,86,33,63,63,77,93,93,165,165,115,115,115,134,42,42],"floor_reached":23,"playtime":1607,"items_purged":["Strike_G"],"score":402,"play_id":"7f46caeb-f5ad-450e-93fc-0a3a73c6f134","local_time":"20190729235134","is_ascension_mode":true,"campfire_choices":[{"data":"Noxious Fumes","floor":6,"key":"SMITH"},{"floor":12,"key":"REST"},{"data":"Well Laid Plans","floor":15,"key":"SMITH"}],"neow_cost":"NONE","seed_source_timestamp":25043711553059,"circlet_count":0,"master_deck":["AscendersBane","Strike_G","Strike_G","Strike_G","Strike_G","Defend_G","Defend_G","Defend_G","Defend_G","Defend_G","Survivor","Neutralize","Infinite Blades","Noxious Fumes+1","Deadly Poison","Dagger Throw","Footwork","PiercingWail","Deflect","Noxious Fumes","Well Laid Plans+1","After Image","Sucker Punch+1","PiercingWail","Bandage Up"],"relics":["Ring of the Snake","Ornamental Fan","Mercury Hourglass","Gremlin Horn","Runic Pyramid"],"potions_floor_usage":[8,11,16,18,18],"damage_taken":[{"damage":7,"enemies":"Cultist","floor":1,"turns":6},{"damage":2,"enemies":"Small Slimes","floor":3,"turns":4},{"damage":0,"enemies":"2 Louse","floor":5,"turns":3},{"damage":30,"enemies":"3 Sentries","floor":7,"turns":7},{"damage":12,"enemies":"Gremlin Gang","floor":8,"turns":5},{"damage":2,"enemies":"Lagavulin","floor":11,"turns":8},{"damage":0,"enemies":"Exordium Thugs","floor":13,"turns":4},{"damage":0,"enemies":"Red Slaver","floor":14,"turns":5},{"damage":23,"enemies":"The Guardian","floor":16,"turns":10},{"damage":15,"enemies":"2 Thieves","floor":18,"turns":5},{"damage":5,"enemies":"3 Byrds","floor":21,"turns":6},{"damage":20,"enemies":"Slavers","floor":23,"turns":2}],"seed_played":"900709040343221281","potions_obtained":[{"floor":1,"key":"AttackPotion"},{"floor":7,"key":"Energy Potion"},{"floor":11,"key":"Dexterity Potion"},{"floor":16,"key":"SpeedPotion"}],"is_trial":false,"path_per_floor":["M","$","M","$","M","R","E","M","T","$","E","R","M","M","R","B",null,"M","?","?","M","$","E"],"character_chosen":"THE_SILENT","items_purchased":["Noxious Fumes","Deadly Poison","Fire Potion","Bandage Up"],"campfire_rested":1,"item_purchase_floors":[2,2,10,22],"current_hp_per_floor":[52,52,50,50,50,50,20,8,8,8,6,25,25,25,25,2,50,35,35,35,30,30,10],"gold":42,"neow_bonus":"HUNDRED_GOLD","is_prod":false,"is_daily":false,"chose_seed":false,"campfire_upgraded":2,"win_rate":0,"timestamp":1564437094,"path_taken":["M","$","M","?","M","R","E","M","T","$","E","R","M","?","R","BOSS","M","?","?","?","?","E"],"build_version":"2019-07-17","purchased_purges":1,"victory":false,"max_hp_per_floor":[66,66,66,66,66,66,66,66,66,66,66,66,66,66,66,66,66,66,66,66,66,66,66],"card_choices":[{"not_picked":["Expertise","Poisoned Stab"],"picked":"Infinite Blades","floor":1},{"not_picked":["Heel Hook","Acrobatics"],"picked":"Dagger Throw","floor":3},{"not_picked":["Sucker Punch","Reflex"],"picked":"Footwork","floor":5},{"not_picked":["Sucker Punch","Underhanded Strike"],"picked":"PiercingWail","floor":7},{"not_picked":["All Out Attack","Tactician"],"picked":"Deflect","floor":8},{"not_picked":["Cloak And Dagger","Distraction"],"picked":"Noxious Fumes","floor":13},{"not_picked":["Night Terror","Calculated Gamble"],"picked":"Well Laid Plans","floor":14},{"not_picked":["Bullet Time","Tools of the Trade"],"picked":"After Image","floor":16},{"not_picked":["Prepared","Flechettes"],"picked":"Sucker Punch+1","floor":18},{"not_picked":["Escape Plan","Accuracy"],"picked":"PiercingWail","floor":21}],"player_experience":1329984,"relics_obtained":[{"floor":7,"key":"Ornamental Fan"},{"floor":9,"key":"Mercury Hourglass"},{"floor":11,"key":"Gremlin Horn"}],"event_choices":[{"damage_healed":0,"gold_gain":0,"player_choice":"Smashed Altar","damage_taken":0,"max_hp_gain":0,"max_hp_loss":0,"event_name":"Forgotten Altar","floor":19,"gold_loss":0,"cards_obtained":["Decay"]},{"cards_removed":["Decay"],"damage_healed":0,"gold_gain":0,"player_choice":"Purged","damage_taken":0,"max_hp_gain":0,"max_hp_loss":0,"event_name":"Purifier","floor":20,"gold_loss":0}],"is_beta":false,"boss_relics":[{"not_picked":["Philosopher\u0027s Stone","Snecko Eye"],"picked":"Runic Pyramid"}],"items_purged_floors":[2],"is_endless":false,"potions_floor_spawned":[1,7,11,14,16],"killed_by":"Slavers","ascension_level":20}