{"gold_per_floor":[18,30,30,30,30,30,57,57,57,87,87,119,119,119,119,191,191,204,129,179,210,226,226,236,286,286,286,286],"floor_reached":28,"playtime":655,"items_purged":[],"score":460,"play_id":"4d05a940-acdb-4a65-9cba-b60ff0211d5b","local_time":"20190711163653","is_ascension_mode":true,"campfire_choices":[{"data":"Zap","floor":6,"key":"SMITH"},{"floor":8,"key":"REST"},{"floor":11,"key":"REST"},{"floor":13,"key":"DIG"},{"floor":15,"key":"REST"},{"floor":23,"key":"REST"},{"floor":27,"key":"REST"}],"neow_cost":"NO_GOLD","seed_source_timestamp":5526281119900,"circlet_count":0,"master_deck":["AscendersBane","Defend_B","Defend_B","Defend_B","Defend_B","Zap+1","Dualcast","Ball Lightning","Ball Lightning","Reboot","Electrodynamics","Capacitor","Rainbow","Cold Snap","White Noise","Darkness"],"relics":["Cracked Core","WingedGreaves","Art of War","StoneCalendar","Smiling Mask","Shovel","Thread and Needle","Empty Cage","Red Mask","Peace Pipe"],"potions_floor_usage":[12,16,22,24],"damage_taken":[{"damage":7,"enemies":"Jaw Worm","floor":1,"turns":4},{"damage":0,"enemies":"Cultist","floor":2,"turns":2},{"damage":51,"enemies":"Gremlin Nob","floor":7,"turns":4},{"damage":20,"enemies":"Lagavulin","floor":10,"turns":6},{"damage":15,"enemies":"3 Sentries","floor":12,"turns":5},{"damage":7,"enemies":"The Guardian","floor":16,"turns":8},{"damage":13,"enemies":"2 Thieves","floor":18,"turns":2},{"damage":28,"enemies":"Masked Bandits","floor":21,"turns":3},{"damage":9,"enemies":"Chosen","floor":22,"turns":4},{"damage":30,"enemies":"Snecko","floor":24,"turns":6},{"damage":25,"enemies":"Centurion and Healer","floor":28,"turns":4}],"seed_played":"7773811278140654478","potions_obtained":[{"floor":1,"key":"SpeedPotion"},{"floor":7,"key":"EssenceOfSteel"},{"floor":10,"key":"Strength Potion"},{"floor":16,"key":"LiquidBronze"},{"floor":18,"key":"EssenceOfSteel"},{"floor":22,"key":"Dexterity Potion"}],"is_trial":false,"path_per_floor":["M","M","?","$","$","R","E","R","T","E","R","E","R","?","R","B",null,"M","?","?","?","M","R","M","?","T","R","M"],"character_chosen":"DEFECT","items_purchased":[],"campfire_rested":5,"item_purchase_floors":[],"current_hp_per_floor":[57,57,57,57,57,57,6,27,27,7,28,13,13,13,34,27,60,47,47,47,19,10,31,1,1,1,22,0],"gold":286,"neow_bonus":"ONE_RARE_RELIC","is_prod":false,"is_daily":false,"chose_seed":false,"campfire_upgraded":1,"win_rate":0,"timestamp":1562830613,"path_taken":["M","M","?","?","$","R","E","R","T","E","R","E","R","?","R","BOSS","M","?","?","?","M","R","M","?","T","R","?"],"build_version":"2019-07-05","purchased_purges":0,"victory":false,"max_hp_per_floor":[71,71,71,71,71,71,71,71,71,71,71,71,71,71,71,71,71,71,71,71,71,71,71,71,71,71,71,71],"card_choices":[{"not_picked":["Force Field","Gash"],"picked":"Ball Lightning","floor":1},{"not_picked":["Conserve Battery","Hologram"],"picked":"Ball Lightning","floor":2},{"not_picked":["Consume","White Noise"],"picked":"Electrodynamics","floor":7},{"not_picked":["Rebound","Force Field","Reprogram"],"picked":"SKIP","floor":10},{"not_picked":["Conserve Battery","Hello World"],"picked":"Capacitor","floor":12},{"not_picked":["Multi-Cast","All For One"],"picked":"Rainbow","floor":16},{"not_picked":["Blizzard+1","Steam","Streamline"],"picked":"SKIP","floor":18},{"not_picked":["Doom and Gloom+1","Steam"],"picked":"Cold Snap","floor":21},{"not_picked":["Static Discharge","BootSequence"],"picked":"White Noise","floor":22},{"not_picked":["Conserve Battery","Sunder"],"picked":"Darkness","floor":24}],"player_experience":973771,"relics_obtained":[{"floor":7,"key":"Art of War"},{"floor":9,"key":"StoneCalendar"},{"floor":10,"key":"Smiling Mask"},{"floor":12,"key":"Shovel"},{"floor":13,"key":"Thread and Needle"},{"floor":21,"key":"Red Mask"},{"floor":26,"key":"Peace Pipe"}],"event_choices":[{"damage_healed":0,"gold_gain":0,"cards_transformed":["Strike_B"],"player_choice":"Transformed","damage_taken":0,"max_hp_gain":0,"max_hp_loss":0,"event_name":"Transmorgrifier","floor":3,"gold_loss":0,"cards_obtained":["Reboot"]},{"damage_healed":0,"gold_gain":0,"cards_transformed":["Strike_B"],"player_choice":"Change","damage_taken":0,"max_hp_gain":0,"max_hp_loss":0,"event_name":"Living Wall","floor":14,"gold_loss":0,"cards_obtained":["Compile Driver"]},{"cards_removed":["Compile Driver"],"damage_healed":0,"gold_gain":0,"player_choice":"Gave Gold","damage_taken":0,"max_hp_gain":0,"max_hp_loss":0,"event_name":"Beggar","floor":19,"gold_loss":75},{"damage_healed":0,"gold_gain":50,"player_choice":"Stole From Cult","damage_taken":0,"max_hp_gain":0,"max_hp_loss":0,"event_name":"Nest","floor":20,"gold_loss":0},{"damage_healed":0,"gold_gain":0,"player_choice":"Fought Bandits","damage_taken":0,"max_hp_gain":0,"max_hp_loss":0,"event_name":"Masked Bandits","floor":21,"gold_loss":0},{"damage_healed":0,"gold_gain":50,"player_choice":"Pray","damage_taken":0,"max_hp_gain":0,"max_hp_loss":0,"event_name":"Golden Shrine","floor":25,"gold_loss":0}],"is_beta":false,"boss_relics":[{"not_picked":["Orrery","Lizard Tail"],"picked":"Empty Cage"}],"items_purged_floors":[],"is_endless":false,"potions_floor_spawned":[1,7,10,16,18,21,22],"killed_by":"Centurion and Healer","ascension_level":20}