{"gold_per_floor":[112,127,146,146,221,221,253,4,50,50,81,81,115,126,126,126],"floor_reached":16,"playtime":286,"items_purged":["Strike_R"],"score":236,"play_id":"189daa46-372a-461c-973e-d341507a083b","local_time":"20190703161014","is_ascension_mode":true,"campfire_choices":[{"data":"Bash","floor":6,"key":"SMITH"},{"data":"Cleave","floor":10,"key":"SMITH"},{"data":"Pommel Strike","floor":12,"key":"SMITH"},{"data":"Flame Barrier","floor":15,"key":"SMITH"}],"neow_cost":"NONE","seed_source_timestamp":373501646708500,"circlet_count":0,"master_deck":["AscendersBane","Strike_R","Strike_R","Strike_R","Strike_R","Defend_R","Defend_R","Defend_R","Defend_R","Bash+1","Pommel Strike+1","Cleave+1","Flame Barrier+1","Seeing Red","Reaper","Feed"],"relics":["Burning Blood","NeowsBlessing","Anchor","Membership Card","Juzu Bracelet","Paper Frog","Oddly Smooth Stone"],"potions_floor_usage":[7,11,16],"damage_taken":[{"damage":0,"enemies":"Cultist","floor":1,"turns":1},{"damage":0,"enemies":"Small Slimes","floor":2,"turns":1},{"damage":0,"enemies":"2 Louse","floor":3,"turns":1},{"damage":8,"enemies":"Gremlin Nob","floor":7,"turns":3},{"damage":26,"enemies":"Lagavulin","floor":11,"turns":6},{"damage":37,"enemies":"Gremlin Nob","floor":13,"turns":4},{"damage":7,"enemies":"Blue Slaver","floor":14,"turns":4},{"damage":18,"enemies":"Hexaghost","floor":16,"turns":5}],"seed_played":"1874579816105189401","potions_obtained":[{"floor":1,"key":"Swift Potion"},{"floor":2,"key":"SteroidPotion"},{"floor":7,"key":"Block Potion"},{"floor":14,"key":"FearPotion"}],"is_trial":false,"path_per_floor":["M","M","M","?","?","R","E","$","T","R","E","R","E","M","R","B"],"character_chosen":"IRONCLAD","items_purchased":["Membership Card"],"campfire_rested":0,"item_purchase_floors":[8],"current_hp_per_floor":[74,75,75,80,69,69,67,67,67,67,47,47,23,22,22,11],"gold":126,"neow_bonus":"THREE_ENEMY_KILL","is_prod":false,"is_daily":false,"chose_seed":false,"campfire_upgraded":4,"win_rate":0,"timestamp":1562137814,"path_taken":["M","?","M","?","?","R","E","?","T","R","E","R","E","M","R","BOSS"],"build_version":"2019-07-01","purchased_purges":1,"victory":false,"max_hp_per_floor":[75,75,75,80,80,80,80,80,80,80,80,80,80,80,80,80],"card_choices":[{"not_picked":["Sentinel","Warcry"],"picked":"Pommel Strike","floor":1},{"not_picked":["Havoc","Pommel Strike"],"picked":"Cleave","floor":2},{"not_picked":["Heavy Blade","Body Slam"],"picked":"Flame Barrier","floor":3},{"not_picked":["Twin Strike","Flame Barrier"],"picked":"Seeing Red","floor":7},{"not_picked":["Inflame","Warcry"],"picked":"Reaper","floor":11},{"not_picked":["Seeing Red","Sentinel"],"picked":"Feed","floor":13},{"not_picked":["Body Slam","Iron Wave","Havoc"],"picked":"SKIP","floor":14}],"player_experience":911479,"relics_obtained":[{"floor":7,"key":"Anchor"},{"floor":9,"key":"Juzu Bracelet"},{"floor":11,"key":"Paper Frog"},{"floor":13,"key":"Oddly Smooth Stone"}],"event_choices":[{"damage_healed":0,"gold_gain":0,"player_choice":"Donut","damage_taken":0,"max_hp_gain":5,"max_hp_loss":0,"event_name":"Big Fish","floor":4,"gold_loss":0},{"damage_healed":0,"gold_gain":75,"player_choice":"Gather Gold","damage_taken":11,"max_hp_gain":0,"max_hp_loss":0,"event_name":"World of Goop","floor":5,"gold_loss":0}],"is_beta":false,"boss_relics":[],"items_purged_floors":[8],"is_endless":false,"potions_floor_spawned":[1,2,7,14],"killed_by":"Hexaghost","ascension_level":20}