{"gold_per_floor":[116,126,91,91,107,142,142,176,203,216,216,230,245,264,264,364,364,377,392,392,68,86,86,86],"floor_reached":24,"playtime":1623,"items_purged":[],"score":305,"play_id":"5ab644ae-a99b-4993-ac66-c0fd15c554d8","local_time":"20190614183942","is_ascension_mode":true,"campfire_choices":[{"floor":7.0,"key":"REST"},{"floor":11.0,"key":"REST"},{"floor":15.0,"key":"REST"},{"floor":23.0,"key":"REST"}],"neow_cost":"NONE","seed_source_timestamp":84600317603252,"circlet_count":0,"master_deck":["Defend_G","Defend_G","Defend_G","Defend_G","Strike_G","Strike_G","Strike_G","Survivor","Neutralize","Wraith Form v2","Predator","Deadly Poison","Catalyst","Glass Knife","Footwork","Footwork","Envenom","Dodge and Roll+1","Reflex+1","Terror+1","Jack Of All Trades","Envenom","Escape Plan+1"],"special_seed":0,"relics":["Ring of the Snake","Snake Skull","Anchor","Pear","Blood Vial","Astrolabe","TwistedFunnel"],"potions_floor_usage":[],"damage_taken":[{"damage":1.0,"enemies":"Small Slimes","floor":1.0,"turns":4.0},{"damage":3.0,"enemies":"Jaw Worm","floor":2.0,"turns":5.0},{"damage":0.0,"enemies":"2 Louse","floor":5.0,"turns":2.0},{"damage":18.0,"enemies":"Lagavulin","floor":6.0,"turns":6.0},{"damage":50.0,"enemies":"3 Sentries","floor":8.0,"turns":12.0},{"damage":7.0,"enemies":"Exordium Thugs","floor":10.0,"turns":2.0},{"damage":2.0,"enemies":"Blue Slaver","floor":12.0,"turns":3.0},{"damage":1.0,"enemies":"Exordium Wildlife","floor":13.0,"turns":4.0},{"damage":0.0,"enemies":"Lots of Slimes","floor":14.0,"turns":5.0},{"damage":38.0,"enemies":"Hexaghost","floor":16.0,"turns":12.0},{"damage":23.0,"enemies":"Spheric Guardian","floor":18.0,"turns":8.0},{"damage":19.0,"enemies":"Shell Parasite","floor":19.0,"turns":6.0},{"damage":17.0,"enemies":"Cultist and Chosen","floor":22.0,"turns":8.0},{"damage":44,"enemies":"Book of Stabbing","floor":24,"turns":8}],"seed_played":"-5518882202349300413","potions_obtained":[{"floor":1.0,"key":"Energy Potion"},{"floor":5.0,"key":"Energy Potion"},{"floor":10.0,"key":"GamblersBrew"},{"floor":12.0,"key":"Poison Potion"},{"floor":19.0,"key":"Explosive Potion"}],"is_trial":false,"path_per_floor":["M","M","?","?","M","E","R","E","T","M","R","M","M","M","R","B",null,"M","M","?","$","M","R","E"],"character_chosen":"THE_SILENT","items_purchased":["TwistedFunnel","Envenom","Dexterity Potion"],"campfire_rested":4,"item_purchase_floors":[21,21,21],"current_hp_per_floor":[62,59,70,52,52,34,55,15,15,10,34,34,35,37,61,25,66,45,28,28,28,13,37,0],"gold":86,"neow_bonus":"ONE_RANDOM_RARE_CARD","is_prod":false,"is_daily":false,"chose_seed":false,"campfire_upgraded":0,"win_rate":0,"timestamp":1560526782,"path_taken":["M","M","?","?","M","E","R","E","T","M","R","M","M","M","R","BOSS","M","M","?","$","M","R","E"],"build_version":"2019-01-23","purchased_purges":0,"victory":false,"max_hp_per_floor":[70,70,70,70,70,70,70,80,80,80,80,80,80,80,80,80,80,80,80,80,80,80,80,80],"card_choices":[{"not_picked":["Dagger Throw","Acrobatics"],"picked":"Predator","floor":1.0},{"not_picked":["Sucker Punch","Quick Slash","Distraction"],"picked":"SKIP","floor":2.0},{"not_picked":["Cloak And Dagger","Slice"],"picked":"Deadly Poison","floor":5.0},{"not_picked":["Dagger Spray","Finisher"],"picked":"Catalyst","floor":6.0},{"not_picked":["Dodge and Roll","Deflect"],"picked":"Glass Knife","floor":8.0},{"not_picked":["Dodge and Roll","Calculated Gamble"],"picked":"Footwork","floor":10.0},{"not_picked":["Terror","Underhanded Strike","Predator"],"picked":"SKIP","floor":12.0},{"not_picked":["Underhanded Strike","Reflex","Tactician"],"picked":"SKIP","floor":13.0},{"not_picked":["Skewer","Flying Knee"],"picked":"Footwork","floor":14.0},{"not_picked":["Grand Finale","A Thousand Cuts"],"picked":"Envenom","floor":16.0},{"not_picked":["Distraction","Flechettes","PiercingWail+1"],"picked":"SKIP","floor":18.0},{"not_picked":["PiercingWail","Quick Slash","Tactician+1"],"picked":"SKIP","floor":19.0},{"not_picked":["Flying Knee","Tactician"],"picked":"Escape Plan+1","floor":22.0}],"player_experience":1528363,"relics_obtained":[{"floor":6.0,"key":"Anchor"},{"floor":8.0,"key":"Pear"},{"floor":9.0,"key":"Blood Vial"}],"event_choices":[{"damage_healed":17.0,"max_hp_gain":0.0,"max_hp_loss":0.0,"gold_gain":0.0,"event_name":"The Cleric","player_choice":"Healed","floor":3.0,"gold_loss":35.0,"damage_taken":0.0},{"damage_healed":0.0,"max_hp_gain":0.0,"max_hp_loss":0.0,"gold_gain":0.0,"event_name":"Scrap Ooze","player_choice":"Success","floor":4.0,"gold_loss":0.0,"damage_taken":18.0,"relics_obtained":["Snake Skull"]},{"damage_healed":0.0,"max_hp_gain":0.0,"max_hp_loss":0.0,"gold_gain":0.0,"event_name":"Match and Keep!","player_choice":"1 cards matched","floor":20.0,"gold_loss":0.0,"damage_taken":0.0,"cards_obtained":["Jack Of All Trades"]}],"is_beta":false,"boss_relics":[{"not_picked":["Cursed Key","Velvet Choker"],"picked":"Astrolabe"}],"items_purged_floors":[],"is_endless":false,"potions_floor_spawned":[1,5,10,12,19],"killed_by":"Book of Stabbing","ascension_level":9}