{"gold_per_floor":[115,115,129,146,156,156,187,187,212,247,247,247,247,287,287,287],"floor_reached":16,"playtime":484,"items_purged":[],"score":236,"play_id":"2ab80044-a342-4866-af1d-7cd1404cb2eb","local_time":"20190720161553","is_ascension_mode":true,"campfire_choices":[{"data":"Sweeping Beam","floor":6,"key":"SMITH"},{"floor":8,"key":"REST"},{"data":"Streamline","floor":11,"key":"SMITH"},{"data":"Zap","floor":15,"key":"SMITH"}],"neow_cost":"NONE","seed_source_timestamp":89332378132200,"circlet_count":0,"master_deck":["AscendersBane","Strike_B","Strike_B+1","Strike_B+1","Defend_B","Defend_B","Defend_B","Defend_B","Zap+1","Dualcast","Sweeping Beam+1","Self Repair","Lockon","Streamline+1","Doom and Gloom"],"relics":["Cracked Core","Whetstone","Regal Pillow","Juzu Bracelet","Golden Idol","Oddly Smooth Stone"],"potions_floor_usage":[14,16],"damage_taken":[{"damage":0,"enemies":"Cultist","floor":1,"turns":4},{"damage":2,"enemies":"Jaw Worm","floor":3,"turns":3},{"damage":7,"enemies":"Small Slimes","floor":4,"turns":2},{"damage":11,"enemies":"Blue Slaver","floor":5,"turns":4},{"damage":32,"enemies":"Gremlin Nob","floor":7,"turns":4},{"damage":20,"enemies":"Lagavulin","floor":10,"turns":7},{"damage":8,"enemies":"Gremlin Nob","floor":14,"turns":3},{"damage":38,"enemies":"Slime Boss","floor":16,"turns":6}],"seed_played":"4059197464979800808","potions_obtained":[{"floor":4,"key":"GamblersBrew"},{"floor":7,"key":"SpeedPotion"},{"floor":10,"key":"Block Potion"}],"is_trial":false,"path_per_floor":["M","?","M","M","M","R","E","R","T","E","R","?","?","E","R","B"],"character_chosen":"DEFECT","items_purchased":[],"campfire_rested":1,"item_purchase_floors":[],"current_hp_per_floor":[64,57,55,48,44,44,19,55,55,42,42,42,42,41,41,3],"gold":287,"neow_bonus":"RANDOM_COMMON_RELIC","is_prod":false,"is_daily":false,"chose_seed":false,"campfire_upgraded":3,"win_rate":0,"timestamp":1563606953,"path_taken":["M","?","M","M","M","R","E","R","T","E","R","?","?","E","R","BOSS"],"build_version":"2019-07-17","purchased_purges":0,"victory":false,"max_hp_per_floor":[71,71,71,71,71,71,71,71,71,71,71,64,64,64,64,64],"card_choices":[{"not_picked":["Fusion","Barrage"],"picked":"Sweeping Beam","floor":1},{"not_picked":["Beam Cell","Rebound","Hologram"],"picked":"SKIP","floor":3},{"not_picked":["Multi-Cast","Compile Driver"],"picked":"Self Repair","floor":4},{"not_picked":["Aggregate","Reinforced Body","BootSequence"],"picked":"SKIP","floor":5},{"not_picked":["Scrape","Steam"],"picked":"Lockon","floor":7},{"not_picked":["Heatsinks","Rebound"],"picked":"Streamline","floor":10},{"not_picked":["Skim","Gash"],"picked":"Doom and Gloom","floor":14}],"player_experience":1103184,"relics_obtained":[{"floor":7,"key":"Regal Pillow"},{"floor":10,"key":"Juzu Bracelet"},{"floor":14,"key":"Oddly Smooth Stone"}],"event_choices":[{"cards_removed":["Strike_B"],"damage_healed":0,"gold_gain":0,"player_choice":"Card Removal","damage_taken":7,"max_hp_gain":0,"max_hp_loss":0,"event_name":"Golden Wing","floor":2,"gold_loss":0},{"damage_healed":0,"gold_gain":0,"player_choice":"Lose Max HP","damage_taken":0,"relics_obtained":["Golden Idol"],"max_hp_gain":0,"max_hp_loss":7,"event_name":"Golden Idol","floor":12,"gold_loss":0},{"damage_healed":0,"gold_gain":0,"player_choice":"Ignored","damage_taken":0,"max_hp_gain":0,"max_hp_loss":0,"event_name":"Liars Game","floor":13,"gold_loss":0}],"is_beta":false,"boss_relics":[],"items_purged_floors":[],"is_endless":false,"potions_floor_spawned":[4,7,10],"killed_by":"Slime Boss","ascension_level":20}