{"gold_per_floor":[112,262,262,15,34,67,79,126,211,258,270,316,342,49,49,128,128,128,128,76,76,76,76,76,76,76,76,76],"floor_reached":28,"playtime":2676,"items_purged":["Doubt"],"score":743,"play_id":"35bbab7e-63ba-4c83-b916-450d612fa344","local_time":"20190712164330","is_ascension_mode":true,"campfire_choices":[{"data":"Well Laid Plans","floor":7,"key":"SMITH"},{"data":"Predator","floor":11,"key":"SMITH"},{"data":"Neutralize","floor":15,"key":"SMITH"},{"data":"Cloak And Dagger","floor":23,"key":"SMITH"}],"neow_cost":"NONE","seed_source_timestamp":139639154829560,"circlet_count":0,"master_deck":["AscendersBane","Strike_G","Strike_G","Strike_G","Strike_G","Strike_G","Defend_G","Defend_G","Defend_G","Defend_G","Defend_G","Survivor","Neutralize+1","Backflip","Die Die Die","Masterful Stab","Dagger Spray","Well Laid Plans+1","Outmaneuver","Predator+1","Backflip","Footwork","Tools of the Trade","Dagger Throw","Dodge and Roll+1","Cloak And Dagger+1","PiercingWail+1","Flying Knee","A Thousand Cuts"],"relics":["Ring of the Snake","NeowsBlessing","FaceOfCleric","MawBank","Ancient Tea Set","Kunai","Mercury Hourglass","Tough Bandages","Lee\u0027s Waffle","Ectoplasm","Bag of Preparation","Toxic Egg 2","PreservedInsect"],"potions_floor_usage":[10,12,25],"damage_taken":[{"damage":0,"enemies":"Small Slimes","floor":1,"turns":1},{"damage":0,"enemies":"2 Louse","floor":5,"turns":1},{"damage":0,"enemies":"Gremlin Nob","floor":6,"turns":1},{"damage":12,"enemies":"3 Sentries","floor":8,"turns":7},{"damage":19,"enemies":"Gremlin Nob","floor":10,"turns":5},{"damage":23,"enemies":"Lagavulin","floor":12,"turns":5},{"damage":0,"enemies":"Cultist","floor":13,"turns":3},{"damage":0,"enemies":"The Guardian","floor":16,"turns":11},{"damage":10,"enemies":"Shell Parasite","floor":18,"turns":7},{"damage":0,"enemies":"Chosen","floor":19,"turns":4},{"damage":0,"enemies":"Sentry and Sphere","floor":22,"turns":6},{"damage":5,"enemies":"Book of Stabbing","floor":24,"turns":7},{"damage":0,"enemies":"Centurion and Healer","floor":25,"turns":5},{"damage":53,"enemies":"Slavers","floor":27,"turns":9},{"damage":5,"enemies":"Cultist and Chosen","floor":28,"turns":3}],"seed_played":"3603724039114497753","potions_obtained":[{"floor":8,"key":"GhostInAJar"},{"floor":10,"key":"Poison Potion"},{"floor":13,"key":"SpeedPotion"},{"floor":18,"key":"SkillPotion"},{"floor":22,"key":"SteroidPotion"},{"floor":24,"key":"FearPotion"}],"is_trial":false,"path_per_floor":["M","?","?","$","M","E","R","E","T","E","R","E","M","$","R","B",null,"M","M","$","?","M","R","E","M","T","E","M"],"character_chosen":"THE_SILENT","items_purchased":["Die Die Die","Masterful Stab","Lee\u0027s Waffle","Footwork","Cloak And Dagger"],"campfire_rested":0,"item_purchase_floors":[4,4,14,14,20],"current_hp_per_floor":[59,59,59,59,60,61,61,50,50,32,32,10,11,79,79,80,80,71,72,72,72,73,73,69,70,70,18,13],"gold":76,"neow_bonus":"THREE_ENEMY_KILL","is_prod":false,"is_daily":false,"chose_seed":false,"campfire_upgraded":4,"win_rate":0,"timestamp":1562942610,"path_taken":["M","?","?","$","?","E","R","E","T","E","R","E","M","$","R","BOSS","M","?","$","?","M","R","E","M","T","E","M"],"build_version":"2019-07-05","purchased_purges":1,"victory":false,"max_hp_per_floor":[66,66,66,66,67,68,68,69,69,70,70,71,72,79,79,80,80,81,82,82,82,83,83,84,85,85,86,86],"card_choices":[{"not_picked":["Blade Dance","Deflect"],"picked":"Backflip","floor":1},{"not_picked":["Acrobatics","Burst"],"picked":"Dagger Spray","floor":5},{"not_picked":["Caltrops","Phantasmal Killer"],"picked":"Well Laid Plans","floor":6},{"not_picked":["Distraction","Prepared"],"picked":"Outmaneuver","floor":8},{"not_picked":["Backstab","Deflect"],"picked":"Predator","floor":10},{"not_picked":["Dodge and Roll","Poisoned Stab"],"picked":"Backflip","floor":13},{"not_picked":["Doppelganger","Storm of Steel"],"picked":"Tools of the Trade","floor":16},{"not_picked":["Quick Slash+1","Poisoned Stab"],"picked":"Dagger Throw","floor":18},{"not_picked":["Poisoned Stab","Quick Slash"],"picked":"Dodge and Roll+1","floor":19},{"not_picked":["Deflect+1","Deadly Poison"],"picked":"PiercingWail+1","floor":22},{"not_picked":["Quick Slash","Slice"],"picked":"Flying Knee","floor":24},{"not_picked":["Backstab","Cloak And Dagger+1"],"picked":"A Thousand Cuts","floor":27}],"player_experience":1224841,"relics_obtained":[{"floor":6,"key":"MawBank"},{"floor":8,"key":"Ancient Tea Set"},{"floor":9,"key":"Kunai"},{"floor":10,"key":"Mercury Hourglass"},{"floor":12,"key":"Tough Bandages"},{"floor":24,"key":"Bag of Preparation"},{"floor":26,"key":"Toxic Egg 2"},{"floor":27,"key":"PreservedInsect"}],"event_choices":[{"damage_healed":0,"gold_gain":150,"player_choice":"AGREE","damage_taken":0,"max_hp_gain":0,"max_hp_loss":0,"event_name":"Liars Game","floor":2,"gold_loss":0,"cards_obtained":["Doubt"]},{"damage_healed":0,"gold_gain":0,"player_choice":"Trade","damage_taken":0,"relics_obtained":["FaceOfCleric"],"max_hp_gain":0,"max_hp_loss":0,"event_name":"FaceTrader","floor":3,"gold_loss":0},{"damage_healed":0,"gold_gain":0,"player_choice":"Ignored","damage_taken":0,"max_hp_gain":0,"max_hp_loss":0,"event_name":"Vampires","floor":21,"gold_loss":0}],"is_beta":false,"boss_relics":[{"not_picked":["Empty Cage","Lizard Tail"],"picked":"Ectoplasm"}],"items_purged_floors":[4],"is_endless":false,"potions_floor_spawned":[8,10,13,18,22,24],"killed_by":"Cultist and Chosen","ascension_level":20}