{"gold_per_floor":[118,133,15,15,32,61,78,78,105,105,180,206,230,262,262,336,336,347,292,310,325,325,358,358],"floor_reached":24,"playtime":901,"items_purged":["Strike_R"],"score":468,"play_id":"57d6eca9-c261-4ba6-82ba-26ce42c1222c","local_time":"20190611134339","is_ascension_mode":true,"campfire_choices":[{"data":"Armaments","floor":8,"key":"SMITH"},{"data":"Rampage","floor":10,"key":"SMITH"},{"data":"True Grit","floor":15,"key":"SMITH"}],"neow_cost":"NONE","seed_source_timestamp":258339528794700,"circlet_count":0,"master_deck":["AscendersBane","Strike_R","Strike_R","Strike_R","Strike_R","Defend_R","Defend_R","Defend_R","Defend_R","Bash","Hemokinesis","Rampage+1","Armaments+1","Pommel Strike","Battle Trance","True Grit+1","Barricade","Body Slam","Feel No Pain","Perfected Strike+1","Disarm+1"],"relics":["Burning Blood","NeowsBlessing","Anchor","Omamori","Red Skull","Odd Mushroom","The Courier","Snecko Eye","Tiny Chest","Vajra","Juzu Bracelet"],"potions_floor_usage":[21,21],"damage_taken":[{"damage":0,"enemies":"Cultist","floor":1,"turns":1},{"damage":0,"enemies":"Small Slimes","floor":2,"turns":1},{"damage":0,"enemies":"2 Louse","floor":5,"turns":1},{"damage":12,"enemies":"Lagavulin","floor":6,"turns":7},{"damage":3,"enemies":"2 Fungi Beasts","floor":7,"turns":3},{"damage":26,"enemies":"3 Sentries","floor":12,"turns":7},{"damage":15,"enemies":"The Mushroom Lair","floor":13,"turns":4},{"damage":13,"enemies":"Lagavulin","floor":14,"turns":7},{"damage":16,"enemies":"The Guardian","floor":16,"turns":14},{"damage":12,"enemies":"Shell Parasite","floor":18,"turns":5},{"damage":12,"enemies":"3 Byrds","floor":20,"turns":5},{"damage":24,"enemies":"3 Cultists","floor":21,"turns":5},{"damage":26,"enemies":"Slavers","floor":23,"turns":6},{"damage":10,"enemies":"Cultist and Chosen","floor":24,"turns":2}],"seed_played":"8031294812071727210","potions_obtained":[{"floor":1,"key":"Swift Potion"},{"floor":6,"key":"SneckoOil"},{"floor":7,"key":"AttackPotion"},{"floor":14,"key":"SkillPotion"}],"is_trial":false,"path_per_floor":["M","M","$","?","M","E","M","R","T","R","?","E","?","E","R","B",null,"M","?","M","M","?","E","M"],"character_chosen":"IRONCLAD","items_purchased":["Rampage"],"campfire_rested":0,"item_purchase_floors":[3],"current_hp_per_floor":[74,75,75,75,75,69,72,72,72,72,61,41,32,25,25,15,60,54,54,48,30,30,10,0],"gold":358,"neow_bonus":"THREE_ENEMY_KILL","is_prod":false,"is_daily":false,"chose_seed":false,"campfire_upgraded":3,"win_rate":0,"timestamp":1560228219,"path_taken":["M","?","$","?","M","E","M","R","T","R","?","E","?","E","R","BOSS","M","?","M","M","?","E","M"],"build_version":"2019-01-23","purchased_purges":1,"victory":false,"max_hp_per_floor":[75,75,75,75,75,75,75,75,75,75,75,75,75,75,75,75,75,75,75,75,75,75,75,75],"card_choices":[{"not_picked":["Combust","Clothesline","Hemokinesis"],"picked":"SKIP","floor":1},{"not_picked":["Combust","Clothesline"],"picked":"Hemokinesis","floor":1},{"not_picked":["Burning Pact","Anger","Havoc"],"picked":"SKIP","floor":2},{"not_picked":["Rage","True Grit"],"picked":"Armaments","floor":5},{"not_picked":["Headbutt","Thunderclap"],"picked":"Pommel Strike","floor":6},{"not_picked":["Twin Strike","Pommel Strike","Wild Strike"],"picked":"SKIP","floor":7},{"not_picked":["Pommel Strike","Fire Breathing"],"picked":"Battle Trance","floor":12},{"not_picked":["Havoc","Body Slam"],"picked":"True Grit","floor":13},{"not_picked":["Armaments","Brutality","Twin Strike"],"picked":"SKIP","floor":14},{"not_picked":["Armaments","Brutality","Twin Strike"],"picked":"SKIP","floor":14},{"not_picked":["Fiend Fire","Impervious"],"picked":"Barricade","floor":16},{"not_picked":["Havoc","Pommel Strike"],"picked":"Body Slam","floor":18},{"not_picked":["Headbutt","Clothesline+1"],"picked":"Feel No Pain","floor":20},{"not_picked":["Power Through","Inflame+1"],"picked":"Perfected Strike+1","floor":21},{"not_picked":["Carnage","Sentinel"],"picked":"Disarm+1","floor":23}],"player_experience":574564,"relics_obtained":[{"floor":6,"key":"Anchor"},{"floor":9,"key":"Omamori"},{"floor":12,"key":"Red Skull"},{"floor":13,"key":"Odd Mushroom"},{"floor":14,"key":"The Courier"},{"floor":23,"key":"Juzu Bracelet"}],"event_choices":[{"damage_healed":0,"gold_gain":0,"player_choice":"Leave","damage_taken":0,"max_hp_gain":0,"max_hp_loss":0,"event_name":"The Cleric","floor":4,"gold_loss":0},{"damage_healed":0,"gold_gain":75,"player_choice":"Gather Gold","damage_taken":11,"max_hp_gain":0,"max_hp_loss":0,"event_name":"World of Goop","floor":11,"gold_loss":0},{"damage_healed":0,"gold_gain":0,"player_choice":"Fought Mushrooms","damage_taken":0,"max_hp_gain":0,"max_hp_loss":0,"event_name":"Mushrooms","floor":13,"gold_loss":0},{"damage_healed":0,"gold_gain":0,"player_choice":"Obtained Relic","damage_taken":0,"relics_obtained":["Tiny Chest"],"max_hp_gain":0,"max_hp_loss":0,"event_name":"Addict","floor":19,"gold_loss":85},{"damage_healed":0,"gold_gain":0,"player_choice":"Opened","damage_taken":0,"relics_obtained":["Vajra"],"max_hp_gain":0,"max_hp_loss":0,"event_name":"The Mausoleum","floor":22,"gold_loss":0,"cards_obtained":["Writhe"]}],"is_beta":false,"boss_relics":[{"not_picked":["Ectoplasm","Lizard Tail"],"picked":"Snecko Eye"}],"items_purged_floors":[3],"is_endless":false,"potions_floor_spawned":[1,6,7,13,14,18],"killed_by":"Cultist and Chosen","ascension_level":20}