{"path_per_floor":["M","$","?","?","M","E","R","M","T","M","E","?","M","M","R","B",null,"M","$","?","M","M","R","E","R","T","M","R","$","M","?","R"],"character_chosen":"THE_SILENT","items_purchased":["War Paint","Ancient Tea Set","Dexterity Potion"],"gold_per_floor":[217,217,217,217,232,562,562,577,604,624,654,829,849,867,867,968,968,981,603,603,622,635,635,667,667,690,702,702,651,662,662,662],"floor_reached":33,"campfire_rested":2,"playtime":4050,"current_hp_per_floor":[70,70,70,56,56,52,52,52,52,52,38,38,40,26,47,2,70,68,68,68,57,70,70,62,62,62,45,66,66,62,62,62],"items_purged":["Doubt"],"gold":662,"score":303,"play_id":"7dbc188a-cc24-4cee-986e-d6c602c4b69c","is_prod":false,"is_daily":false,"is_ascension_mode":false,"campfire_upgraded":4,"path_taken":["M","$","?","?","M","E","R","M","T","?","E","?","M","M","R","BOSS","M","$","?","M","M","R","E","R","T","M","R","$","M","?","R","BOSS"],"build_version":"2018-02-08-PROD1","purchased_purges":3,"victory":false,"master_deck":["Defend_G","Defend_G","Defend_G+1","Defend_G+1","Defend_G+1","Survivor+1","Neutralize+1","Caltrops+1","Adrenaline+1","Leg Sweep+1","Bite+1","Bite","Bite","Bite","Bite"],"max_hp_per_floor":[70,70,70,70,70,70,70,70,70,70,70,70,70,70,70,70,70,70,70,70,70,70,70,70,70,70,70,70,70,70,70,70],"relics":["Ring of the Snake","Old Coin","Bronze Scales","Black Star","War Paint","Ancient Tea Set","Bird Faced Urn","Calipers","Omamori"],"card_choices":[{"not_picked":["Flechettes","Slice"],"picked":"Caltrops"},{"not_picked":["Dodge and Roll","Deadly Poison"],"picked":"Adrenaline"},{"not_picked":["Deadly Poison","Dagger Spray"],"picked":"Leg Sweep"}],"player_experience":95613,"potions_floor_usage":[6,11,22,27,27,33],"damage_taken":[{"damage":0,"enemies":"Blue Slaver","floor":1,"turns":8},{"damage":0,"enemies":"Jaw Worm","floor":5,"turns":5},{"damage":4,"enemies":"Gremlin Nob","floor":6,"turns":4},{"damage":0,"enemies":"Cultist","floor":8,"turns":5},{"damage":2,"enemies":"2 Fungi Beasts","floor":10,"turns":3},{"damage":16,"enemies":"3 Sentries","floor":11,"turns":7},{"damage":0,"enemies":"3 Louse","floor":13,"turns":4},{"damage":16,"enemies":"Gremlin Gang","floor":14,"turns":5},{"damage":47,"enemies":"Hexaghost","floor":16,"turns":10},{"damage":2,"enemies":"3 Byrds","floor":18,"turns":4},{"damage":19,"enemies":"Spheric Guardian","floor":21,"turns":5},{"damage":5,"enemies":"Chosen and Byrds","floor":22,"turns":6},{"damage":15,"enemies":"Slavers","floor":24,"turns":6},{"damage":67,"enemies":"Centurion and Healer","floor":27,"turns":21},{"damage":16,"enemies":"Cultist and Chosen","floor":30,"turns":9},{"damage":69,"enemies":"Champ","floor":33,"turns":38}],"event_choices":[{"event_name":"Living Wall","player_choice":"Grow","floor":3,"damage_taken":0},{"event_name":"Shining Light","player_choice":"Entered Light","floor":4,"damage_taken":0},{"event_name":"Liars Game","player_choice":"agreed","floor":12,"damage_taken":0},{"event_name":"Vampires","player_choice":"Became a vampire (Vial)","floor":20,"damage_taken":0},{"event_name":"N\u0027loth","player_choice":"Ignored","floor":31,"damage_taken":0}],"boss_relics":[{"not_picked":["Orrery","Eternal Feather"],"picked":"Black Star"}],"potions_floor_spawned":[1,6,8,16,21,24],"seed_played":"-2897334526639606609","killed_by":"Champ","ascension_level":0,"is_trial":false}