{"gold_per_floor":[109,125,125,142,142,142,169,179,226,226,260,272,287,319,319,319],"floor_reached":16,"playtime":534,"items_purged":[],"score":244,"play_id":"7865e51f-1676-49fd-8fc6-7b109a601126","local_time":"20190728134153","is_ascension_mode":true,"campfire_choices":[{"data":"Anger","floor":6,"key":"SMITH"},{"data":"Havoc","floor":10,"key":"SMITH"},{"data":"Armaments","floor":15,"key":"SMITH"}],"neow_cost":"TEN_PERCENT_HP_LOSS","seed_source_timestamp":771244755705900,"circlet_count":0,"master_deck":["AscendersBane","Strike_R","Strike_R","Strike_R","Defend_R","Defend_R","Defend_R","Defend_R","Bash","Anger+1","Shockwave","Feed","Bash","Armaments+1","Havoc+1","Evolve"],"relics":["Burning Blood","GremlinMask","Kunai","Strawberry","Blood Vial"],"potions_floor_usage":[12,14,14,16],"damage_taken":[{"damage":4,"enemies":"2 Louse","floor":1,"turns":4},{"damage":6,"enemies":"Cultist","floor":2,"turns":4},{"damage":4,"enemies":"Jaw Worm","floor":4,"turns":4},{"damage":32,"enemies":"Gremlin Nob","floor":7,"turns":4},{"damage":33,"enemies":"Red Slaver","floor":8,"turns":6},{"damage":11,"enemies":"Lagavulin","floor":11,"turns":8},{"damage":0,"enemies":"Gremlin Gang","floor":12,"turns":6},{"damage":8,"enemies":"Exordium Thugs","floor":13,"turns":5},{"damage":24,"enemies":"Gremlin Nob","floor":14,"turns":4},{"damage":23,"enemies":"Slime Boss","floor":16,"turns":8}],"seed_played":"-1737965347723447097","potions_obtained":[{"floor":8,"key":"Ancient Potion"},{"floor":11,"key":"Block Potion"},{"floor":12,"key":"Regen Potion"},{"floor":14,"key":"Swift Potion"}],"is_trial":false,"path_per_floor":["M","M","?","M","?","R","E","M","T","R","E","M","M","E","R","B"],"character_chosen":"IRONCLAD","items_purchased":[],"campfire_rested":0,"item_purchase_floors":[],"current_hp_per_floor":[68,68,68,68,68,68,42,19,19,19,21,30,31,22,22,1],"gold":319,"neow_bonus":"REMOVE_TWO","is_prod":false,"is_daily":false,"chose_seed":false,"campfire_upgraded":3,"win_rate":0,"timestamp":1564288913,"path_taken":["M","M","?","?","?","R","E","?","T","R","E","M","?","E","R","BOSS"],"build_version":"2019-07-17","purchased_purges":0,"victory":false,"max_hp_per_floor":[68,68,68,68,68,68,68,72,72,72,79,82,85,85,85,85],"card_choices":[{"not_picked":["Headbutt","Clothesline"],"picked":"Anger","floor":1},{"not_picked":["True Grit","Pommel Strike"],"picked":"Shockwave","floor":2},{"not_picked":["Cleave","Power Through"],"picked":"Feed","floor":4},{"not_picked":["Iron Wave","Warcry"],"picked":"Armaments","floor":7},{"not_picked":["Flame Barrier","Shockwave"],"picked":"Havoc","floor":8},{"not_picked":["Shrug It Off","Armaments","Sever Soul"],"picked":"SKIP","floor":11},{"not_picked":["Twin Strike","Flex","Clothesline"],"picked":"SKIP","floor":12},{"not_picked":["Clash","Shockwave"],"picked":"Evolve","floor":13},{"not_picked":["Clothesline","Iron Wave","Heavy Blade"],"picked":"SKIP","floor":14}],"player_experience":1254291,"relics_obtained":[{"floor":7,"key":"Kunai"},{"floor":11,"key":"Strawberry"},{"floor":14,"key":"Blood Vial"}],"event_choices":[{"damage_healed":0,"gold_gain":0,"player_choice":"Trade","damage_taken":0,"relics_obtained":["GremlinMask"],"max_hp_gain":0,"max_hp_loss":0,"event_name":"FaceTrader","floor":3,"gold_loss":0},{"damage_healed":0,"gold_gain":0,"player_choice":"1 cards matched","damage_taken":0,"max_hp_gain":0,"max_hp_loss":0,"event_name":"Match and Keep!","floor":5,"gold_loss":0,"cards_obtained":["Bash"]}],"is_beta":false,"boss_relics":[],"items_purged_floors":[],"is_endless":false,"potions_floor_spawned":[8,11,12,14],"killed_by":"Slime Boss","ascension_level":20}