{"gold_per_floor":[115,132,143,68,68,68,93,21,95,95,35,61,28,62,62,62],"floor_reached":16,"playtime":342,"items_purged":["Strike_G"],"score":282,"play_id":"1ab6ad6c-981f-4552-9b9a-58c08cc15403","local_time":"20190720180051","is_ascension_mode":true,"campfire_choices":[{"data":"Dagger Spray","floor":6,"key":"SMITH"},{"data":"Noxious Fumes","floor":10,"key":"SMITH"},{"data":"Footwork","floor":15,"key":"SMITH"}],"neow_cost":"NONE","seed_source_timestamp":95771864749800,"circlet_count":0,"master_deck":["AscendersBane","Strike_G","Strike_G","Strike_G","Defend_G","Defend_G","Defend_G","Defend_G","Defend_G","Survivor","Neutralize","Noxious Fumes+1","Dagger Spray+1","Masterful Stab","Footwork+1","Dodge and Roll","Footwork","Deflect"],"relics":["Ring of the Snake","NeowsBlessing","Bronze Scales","The Courier","StoneCalendar","Incense Burner"],"potions_floor_usage":[2,7],"damage_taken":[{"damage":0,"enemies":"2 Louse","floor":1,"turns":1},{"damage":0,"enemies":"Small Slimes","floor":2,"turns":1},{"damage":0,"enemies":"Jaw Worm","floor":3,"turns":1},{"damage":26,"enemies":"Gremlin Nob","floor":7,"turns":4},{"damage":16,"enemies":"3 Sentries","floor":12,"turns":6},{"damage":0,"enemies":"Lagavulin","floor":14,"turns":7},{"damage":0,"enemies":"The Guardian","floor":16,"turns":2}],"seed_played":"549025196081739461","potions_obtained":[{"floor":1,"key":"Swift Potion"},{"floor":2,"key":"Fruit Juice"},{"floor":12,"key":"SpeedPotion"}],"is_trial":false,"path_per_floor":["M","M","M","?","?","R","E","$","T","R","$","E","$","E","R","B"],"character_chosen":"THE_SILENT","items_purchased":["Footwork","Footwork"],"campfire_rested":0,"item_purchase_floors":[8,13],"current_hp_per_floor":[59,64,64,64,59,59,33,33,33,33,33,17,17,17,17,17],"gold":62,"neow_bonus":"THREE_ENEMY_KILL","is_prod":false,"is_daily":false,"chose_seed":false,"campfire_upgraded":3,"win_rate":0,"timestamp":1563613251,"path_taken":["M","M","M","?","?","R","E","$","T","R","$","E","?","E","R","BOSS"],"build_version":"2019-07-17","purchased_purges":1,"victory":false,"max_hp_per_floor":[66,71,71,71,71,71,71,71,71,71,71,71,71,71,71,71],"card_choices":[{"not_picked":["Prepared","Poisoned Stab"],"picked":"Noxious Fumes","floor":1},{"not_picked":["Acrobatics","Deadly Poison"],"picked":"Dagger Spray","floor":2},{"not_picked":["Finisher","Bane","Prepared"],"picked":"SKIP","floor":3},{"not_picked":["Slice","Choke"],"picked":"Masterful Stab","floor":7},{"not_picked":["Glass Knife","Outmaneuver"],"picked":"Dodge and Roll","floor":12},{"not_picked":["Backstab","Bouncing Flask"],"picked":"Deflect","floor":14}],"player_experience":1109385,"relics_obtained":[{"floor":7,"key":"The Courier"},{"floor":12,"key":"StoneCalendar"},{"floor":14,"key":"Incense Burner"}],"event_choices":[{"cards_removed":["Strike_G"],"damage_healed":0,"gold_gain":0,"player_choice":"Card Removal","damage_taken":0,"max_hp_gain":0,"max_hp_loss":0,"event_name":"The Cleric","floor":4,"gold_loss":75},{"damage_healed":0,"gold_gain":0,"player_choice":"Success","damage_taken":5,"relics_obtained":["Bronze Scales"],"max_hp_gain":0,"max_hp_loss":0,"event_name":"Scrap Ooze","floor":5,"gold_loss":0}],"is_beta":false,"boss_relics":[],"items_purged_floors":[11],"is_endless":false,"potions_floor_spawned":[1,2,12],"killed_by":"The Guardian","ascension_level":20}