{"gold_per_floor":[418,9,25,39,58,87,87,117,143,143,168,193,193,213,213,292,292,305,323,340,340,340],"floor_reached":22,"playtime":759,"items_purged":["Strike_R"],"score":412,"play_id":"ce26f2fa-c68a-4f4e-9dcb-d58408ad7b46","local_time":"20190728132101","is_ascension_mode":true,"campfire_choices":[{"data":"Bludgeon","floor":7,"key":"SMITH"},{"data":"Carnage","floor":10,"key":"SMITH"},{"data":"Juggernaut","floor":13,"key":"SMITH"},{"data":"Feel No Pain","floor":15,"key":"SMITH"}],"neow_cost":"TEN_PERCENT_HP_LOSS","seed_source_timestamp":769767251283700,"circlet_count":0,"master_deck":["AscendersBane","Strike_R","Defend_R","Defend_R","Defend_R","Defend_R","Bash","Evolve","Pommel Strike","Bludgeon+1","Feel No Pain+1","Carnage+1","Battle Trance","Juggernaut+1","Corruption","Immolate","Double Tap+1","Rupture+1","Power Through","True Grit","Armaments"],"relics":["Burning Blood","Old Coin","Oddly Smooth Stone","Omamori","Red Skull","Happy Flower","Regal Pillow","Astrolabe"],"potions_floor_usage":[6,8,12,16,19],"damage_taken":[{"damage":2,"enemies":"Cultist","floor":1,"turns":4},{"damage":2,"enemies":"Small Slimes","floor":3,"turns":5},{"damage":6,"enemies":"Jaw Worm","floor":4,"turns":3},{"damage":7,"enemies":"2 Fungi Beasts","floor":5,"turns":3},{"damage":19,"enemies":"3 Sentries","floor":6,"turns":8},{"damage":8,"enemies":"Gremlin Nob","floor":8,"turns":3},{"damage":10,"enemies":"3 Sentries","floor":12,"turns":5},{"damage":12,"enemies":"Large Slime","floor":14,"turns":4},{"damage":6,"enemies":"The Guardian","floor":16,"turns":9},{"damage":16,"enemies":"2 Thieves","floor":18,"turns":3},{"damage":39,"enemies":"Shell Parasite","floor":19,"turns":8},{"damage":18,"enemies":"Cultist and Chosen","floor":20,"turns":4},{"damage":22,"enemies":"Snake Plant","floor":22,"turns":3}],"seed_played":"-3622451068571568756","potions_obtained":[{"floor":3,"key":"AttackPotion"},{"floor":6,"key":"EssenceOfSteel"},{"floor":8,"key":"Energy Potion"},{"floor":16,"key":"Regen Potion"},{"floor":19,"key":"Dexterity Potion"},{"floor":20,"key":"AttackPotion"}],"is_trial":false,"path_per_floor":["M","$","M","M","M","E","R","E","T","R","T","E","R","M","R","B",null,"M","M","M","?","M"],"character_chosen":"IRONCLAD","items_purchased":["Oddly Smooth Stone","Evolve","Pommel Strike","Fire Potion"],"campfire_rested":0,"item_purchase_floors":[2,2,2,2],"current_hp_per_floor":[68,68,68,68,67,54,54,52,52,52,52,48,48,42,42,42,62,52,34,22,22,0],"gold":340,"neow_bonus":"ONE_RARE_RELIC","is_prod":false,"is_daily":false,"chose_seed":false,"campfire_upgraded":4,"win_rate":0,"timestamp":1564287661,"path_taken":["M","$","M","M","M","E","R","E","T","R","?","E","R","M","R","BOSS","M","M","M","?","M"],"build_version":"2019-07-17","purchased_purges":1,"victory":false,"max_hp_per_floor":[68,68,68,68,68,68,68,68,68,68,68,68,68,68,68,68,68,68,68,68,68,68],"card_choices":[{"not_picked":["Body Slam","Heavy Blade","Sever Soul"],"picked":"SKIP","floor":1},{"not_picked":["Armaments","Carnage"],"picked":"Bludgeon","floor":3},{"not_picked":["Headbutt","True Grit"],"picked":"Feel No Pain","floor":4},{"not_picked":["Sentinel","Clothesline","Pommel Strike"],"picked":"SKIP","floor":5},{"not_picked":["Sword Boomerang","Perfected Strike"],"picked":"Carnage","floor":6},{"not_picked":["Sever Soul","Shrug It Off"],"picked":"Battle Trance","floor":8},{"not_picked":["Evolve","Power Through"],"picked":"Juggernaut","floor":12},{"not_picked":["Dual Wield","Headbutt"],"picked":"Corruption","floor":14},{"not_picked":["Double Tap","Brutality"],"picked":"Immolate","floor":16},{"not_picked":["Iron Wave","Heavy Blade"],"picked":"Power Through","floor":18},{"not_picked":["Reckless Charge","Havoc"],"picked":"True Grit","floor":19},{"not_picked":["Fire Breathing","Anger"],"picked":"Armaments","floor":20}],"player_experience":1252839,"relics_obtained":[{"floor":8,"key":"Omamori"},{"floor":9,"key":"Red Skull"},{"floor":11,"key":"Happy Flower"},{"floor":12,"key":"Regal Pillow"}],"event_choices":[{"cards_removed":["Searing Blow"],"damage_healed":0,"gold_gain":0,"player_choice":"Elegance","damage_taken":0,"max_hp_gain":0,"max_hp_loss":0,"event_name":"Back to Basics","floor":21,"gold_loss":0}],"is_beta":false,"boss_relics":[{"not_picked":["Fusion Hammer","Velvet Choker"],"picked":"Astrolabe"}],"items_purged_floors":[2],"is_endless":false,"potions_floor_spawned":[3,4,6,8,16,19,20],"killed_by":"Snake Plant","ascension_level":20}