{"gold_per_floor":[109,109,259,24,34,94,94,123,158,170,56,56,75,375,375,375],"floor_reached":16,"playtime":504,"items_purged":["Doubt","Regret"],"score":212,"play_id":"42b61bfe-afc7-4ae9-9137-2084815f8bf2","local_time":"20190612222116","is_ascension_mode":true,"campfire_choices":[{"data":"Corruption","floor":7,"key":"SMITH"},{"floor":10,"key":"REST"},{"data":"Armaments","floor":15,"key":"SMITH"}],"neow_cost":"NONE","seed_source_timestamp":376197469542600,"circlet_count":0,"master_deck":["AscendersBane","Strike_R","Strike_R","Strike_R","Strike_R","Defend_R","Defend_R","Defend_R","Defend_R","Bash","Shrug It Off","Shrug It Off","Corruption+1","Body Slam","Entrench","True Grit","Feel No Pain","Ghostly Armor","Armaments+1","Impervious","Entrench","Shrug It Off","Armaments"],"relics":["Orrery","Lantern","Tiny Chest","MawBank","Potion Belt","Old Coin"],"potions_floor_usage":[],"damage_taken":[{"damage":1,"enemies":"Small Slimes","floor":1,"turns":4},{"damage":4,"enemies":"Jaw Worm","floor":5,"turns":4},{"damage":28,"enemies":"Lagavulin","floor":6,"turns":11},{"damage":14,"enemies":"3 Sentries","floor":8,"turns":16},{"damage":0,"enemies":"2 Louse","floor":13,"turns":4},{"damage":49,"enemies":"Slime Boss","floor":16,"turns":16}],"seed_played":"-63130170554429653","potions_obtained":[{"floor":13,"key":"Weak Potion"}],"is_trial":false,"path_per_floor":["M","?","?","$","M","E","R","E","T","R","$","?","M","?","R","B"],"character_chosen":"IRONCLAD","items_purchased":["Feel No Pain","Ghostly Armor","Shrug It Off"],"campfire_rested":1,"item_purchase_floors":[4,4,11],"current_hp_per_floor":[67,67,67,67,63,35,35,21,21,43,43,43,43,43,43,0],"gold":375,"neow_bonus":"BOSS_RELIC","is_prod":false,"is_daily":false,"chose_seed":false,"campfire_upgraded":2,"win_rate":0,"timestamp":1560345676,"path_taken":["M","?","?","$","M","E","R","E","T","R","?","?","?","?","R","BOSS"],"build_version":"2019-01-23","purchased_purges":2,"victory":false,"max_hp_per_floor":[75,75,75,75,75,75,75,75,75,75,75,75,75,75,75,75],"card_choices":[{"not_picked":["Flex","Intimidate"],"picked":"Shrug It Off","floor":0},{"not_picked":["Ghostly Armor","Twin Strike"],"picked":"Shrug It Off","floor":0},{"not_picked":["Cleave","Thunderclap"],"picked":"Corruption","floor":0},{"not_picked":["Corruption","Second Wind"],"picked":"Body Slam","floor":0},{"not_picked":["Twin Strike","Iron Wave"],"picked":"Entrench","floor":0},{"not_picked":["Thunderclap","Clothesline"],"picked":"True Grit","floor":1},{"not_picked":["Power Through","Flex"],"picked":"Armaments","floor":5},{"not_picked":["Warcry","Thunderclap"],"picked":"Impervious","floor":6},{"not_picked":["Flex","Anger"],"picked":"Entrench","floor":8},{"not_picked":["Flex","Wild Strike","Headbutt"],"picked":"SKIP","floor":13}],"player_experience":623803,"relics_obtained":[{"floor":6,"key":"Tiny Chest"},{"floor":8,"key":"MawBank"},{"floor":9,"key":"Potion Belt"}],"event_choices":[{"damage_healed":0,"gold_gain":0,"player_choice":"Box","damage_taken":0,"relics_obtained":["Lantern"],"max_hp_gain":0,"max_hp_loss":0,"event_name":"Big Fish","floor":2,"gold_loss":0,"cards_obtained":["Regret"]},{"damage_healed":0,"gold_gain":150,"player_choice":"AGREE","damage_taken":0,"max_hp_gain":0,"max_hp_loss":0,"event_name":"Liars Game","floor":3,"gold_loss":0,"cards_obtained":["Doubt"]},{"damage_healed":0,"gold_gain":0,"cards_transformed":["Strike_R"],"player_choice":"Change","damage_taken":0,"max_hp_gain":0,"max_hp_loss":0,"event_name":"Living Wall","floor":12,"gold_loss":0,"cards_obtained":["Armaments"]},{"damage_healed":0,"gold_gain":0,"player_choice":"Gave Potion","damage_taken":0,"relics_obtained":["Old Coin"],"max_hp_gain":0,"max_hp_loss":0,"event_name":"WeMeetAgain","floor":14,"gold_loss":0}],"is_beta":false,"boss_relics":[],"items_purged_floors":[4,11],"is_endless":false,"potions_floor_spawned":[13],"killed_by":"Slime Boss","ascension_level":20}