{"gold_per_floor":[113,32,51,51,70,70,99,109,109,109,109,122,122,148,148,148],"floor_reached":16,"playtime":827,"items_purged":[],"score":240,"play_id":"d9d5b6bb-2950-4cc7-b7a1-d54c884d0d52","local_time":"20190520000804","is_ascension_mode":true,"campfire_choices":[{"data":"Neutralize","floor":6,"key":"SMITH"},{"data":"Dagger Spray","floor":10,"key":"SMITH"},{"data":"Dagger Spray","floor":13,"key":"SMITH"},{"data":"Survivor","floor":15,"key":"SMITH"}],"neow_cost":"NONE","seed_source_timestamp":38282375981894,"circlet_count":0,"master_deck":["AscendersBane","Defend_G","Defend_G","Defend_G","Defend_G","Defend_G","Strike_G","Strike_G","Strike_G","Strike_G","Strike_G","Survivor+1","Neutralize+1","Poisoned Stab","Dagger Spray+1","Dash","Dagger Spray+1","Terror","Backflip"],"relics":["Ring of the Snake","Pear","Letter Opener","Question Card"],"potions_floor_usage":[7,14,14],"damage_taken":[{"damage":0,"enemies":"Jaw Worm","floor":1,"turns":6},{"damage":0,"enemies":"Cultist","floor":3,"turns":3},{"damage":0,"enemies":"2 Louse","floor":5,"turns":3},{"damage":31,"enemies":"Lagavulin","floor":7,"turns":7},{"damage":4,"enemies":"Blue Slaver","floor":8,"turns":3},{"damage":8,"enemies":"3 Louse","floor":12,"turns":2},{"damage":8,"enemies":"Gremlin Nob","floor":14,"turns":3},{"damage":30,"enemies":"Hexaghost","floor":16,"turns":9}],"seed_played":"-6248979919308209986","potions_obtained":[{"floor":1,"key":"SmokeBomb"},{"floor":7,"key":"Poison Potion"},{"floor":12,"key":"GamblersBrew"}],"is_trial":false,"path_per_floor":["M","$","M","?","M","R","E","M","T","R","?","M","R","E","R","B"],"character_chosen":"THE_SILENT","items_purchased":["Dagger Spray","Fire Potion"],"campfire_rested":0,"item_purchase_floors":[2,2],"current_hp_per_floor":[65,65,65,65,65,65,44,40,40,40,45,37,37,29,29,0],"gold":148,"neow_bonus":"TEN_PERCENT_HP_BONUS","is_prod":false,"is_daily":false,"chose_seed":false,"campfire_upgraded":4,"win_rate":0,"timestamp":1558303684,"path_taken":["M","$","M","?","M","R","E","?","T","R","?","M","R","E","R","BOSS"],"build_version":"2019-01-23","purchased_purges":0,"victory":false,"max_hp_per_floor":[72,72,72,72,72,72,82,82,82,82,87,87,87,87,87,87],"card_choices":[{"not_picked":["Reflex","Expertise"],"picked":"Poisoned Stab","floor":1},{"not_picked":["Acrobatics","Burst"],"picked":"Dash","floor":5},{"not_picked":["Backflip","Cloak And Dagger"],"picked":"Dagger Spray","floor":7},{"not_picked":["Outmaneuver","Prepared"],"picked":"Terror","floor":12},{"not_picked":["Concentrate","Quick Slash"],"picked":"Backflip","floor":14}],"player_experience":928975,"relics_obtained":[{"floor":7,"key":"Pear"},{"floor":9,"key":"Letter Opener"},{"floor":14,"key":"Question Card"}],"event_choices":[{"damage_healed":0,"gold_gain":0,"player_choice":"Got Potions","damage_taken":0,"max_hp_gain":0,"max_hp_loss":0,"event_name":"Lab","floor":4,"gold_loss":0},{"damage_healed":0,"gold_gain":0,"player_choice":"Donut","damage_taken":0,"max_hp_gain":5,"max_hp_loss":0,"event_name":"Big Fish","floor":11,"gold_loss":0}],"is_beta":false,"boss_relics":[],"items_purged_floors":[],"is_endless":false,"potions_floor_spawned":[1,7,12],"killed_by":"Hexaghost","ascension_level":19}