{"gold_per_floor":[118,118,3,3,23,48,48,76,100,132,147,147,147,11,11,87,87,99,119,139,139,189,189,199,199,199,217,217,232,21,54,54,54],"floor_reached":33,"playtime":1984,"items_purged":[],"score":601,"play_id":"6b8987bb-8d47-40ad-ba0e-1a777dc3f655","local_time":"20190520010847","is_ascension_mode":true,"campfire_choices":[{"data":"Sucker Punch","floor":7.0,"key":"SMITH"},{"floor":12.0,"key":"REST"},{"data":"Dagger Spray","floor":15.0,"key":"SMITH"},{"data":"Envenom","floor":23.0,"key":"SMITH"},{"floor":25.0,"key":"REST"},{"floor":28.0,"key":"REST"},{"data":"Envenom","floor":32.0,"key":"SMITH"}],"neow_cost":"NONE","seed_source_timestamp":40745422160459,"circlet_count":0,"master_deck":["AscendersBane","Defend_G+1","Defend_G+1","Defend_G+1","Defend_G+1","Defend_G+1","Strike_G+1","Strike_G+1","Strike_G+1","Strike_G+1","Survivor","Neutralize","Sucker Punch+1","Infinite Blades","Dagger Spray+1","Noxious Fumes","Endless Agony","Dash","Deadly Poison","Poisoned Stab","Terror","Envenom+1","Backflip+1","PiercingWail+1","PiercingWail","Crippling Poison","Envenom+1","Leg Sweep"],"special_seed":0,"relics":["Ring of the Snake","NeowsBlessing","Strawberry","Bag of Marbles","Orichalcum","Regal Pillow","CultistMask","WristBlade","Mercury Hourglass","War Paint"],"potions_floor_usage":[33],"damage_taken":[{"damage":0.0,"enemies":"2 Louse","floor":1.0,"turns":1.0},{"damage":0.0,"enemies":"Small Slimes","floor":5.0,"turns":1.0},{"damage":0.0,"enemies":"Lagavulin","floor":6.0,"turns":2.0},{"damage":12.0,"enemies":"3 Sentries","floor":8.0,"turns":8.0},{"damage":31.0,"enemies":"Gremlin Nob","floor":10.0,"turns":5.0},{"damage":0.0,"enemies":"Cultist","floor":11.0,"turns":3.0},{"damage":28.0,"enemies":"Slime Boss","floor":16.0,"turns":5.0},{"damage":8.0,"enemies":"3 Byrds","floor":18.0,"turns":6.0},{"damage":21.0,"enemies":"Spheric Guardian","floor":19.0,"turns":6.0},{"damage":12.0,"enemies":"Snecko","floor":20.0,"turns":4.0},{"damage":12.0,"enemies":"Snake Plant","floor":24.0,"turns":3.0},{"damage":36.0,"enemies":"Shelled Parasite and Fungi","floor":27.0,"turns":7.0},{"damage":2.0,"enemies":"3 Cultists","floor":29.0,"turns":3.0},{"damage":7.0,"enemies":"Slavers","floor":31.0,"turns":4.0},{"damage":32,"enemies":"Collector","floor":33,"turns":7}],"seed_played":"6453268539396914508","potions_obtained":[{"floor":5.0,"key":"GhostInAJar"},{"floor":11.0,"key":"Poison Potion"},{"floor":27.0,"key":"FearPotion"},{"floor":29.0,"key":"Swift Potion"}],"is_trial":false,"path_per_floor":["M","?","$","?","M","E","R","E","T","E","M","R","?","$","R","B",null,"M","M","M","?","?","R","M","R","T","M","R","M","$","E","R","B"],"character_chosen":"THE_SILENT","items_purchased":["SteroidPotion","Dagger Spray","Strength Potion","Terror","Crippling Poison","Envenom","Poison Potion"],"campfire_rested":3,"item_purchase_floors":[3,3,14,14,30,30,30],"current_hp_per_floor":[59,59,59,59,59,66,66,54,54,23,23,59,59,59,59,31,63,55,34,22,22,22,22,10,46,46,10,46,44,44,37,37,5],"gold":54,"neow_bonus":"THREE_ENEMY_KILL","is_prod":false,"is_daily":false,"chose_seed":false,"campfire_upgraded":4,"win_rate":0,"timestamp":1558307327,"path_taken":["M","?","$","?","M","E","R","E","T","E","M","R","?","$","R","BOSS","M","M","M","?","?","R","M","R","T","M","R","M","$","E","R","BOSS"],"build_version":"2019-01-23","purchased_purges":0,"victory":false,"max_hp_per_floor":[66,66,66,66,66,73,73,73,73,73,73,73,73,73,73,73,73,73,73,73,73,73,73,73,73,73,73,73,73,73,73,73,73],"card_choices":[{"not_picked":["Prepared","Predator"],"picked":"Sucker Punch","floor":1.0},{"not_picked":["Catalyst","Footwork"],"picked":"Noxious Fumes","floor":5.0},{"not_picked":["Dodge and Roll","Skewer"],"picked":"Endless Agony","floor":6.0},{"not_picked":["Finisher","Venomology"],"picked":"Dash","floor":8.0},{"not_picked":["Slice","Blade Dance"],"picked":"Deadly Poison","floor":10.0},{"not_picked":["Cloak And Dagger","Dagger Throw"],"picked":"Poisoned Stab","floor":11.0},{"not_picked":["After Image","Doppelganger"],"picked":"Envenom","floor":16.0},{"not_picked":["Deadly Poison","Acrobatics+1"],"picked":"Backflip","floor":18.0},{"not_picked":["Prepared+1","Slice"],"picked":"PiercingWail","floor":19.0},{"not_picked":["Dagger Spray+1","Acrobatics"],"picked":"PiercingWail","floor":24.0},{"not_picked":["Bouncing Flask+1","Calculated Gamble"],"picked":"Leg Sweep","floor":31.0}],"player_experience":931389,"relics_obtained":[{"floor":6.0,"key":"Strawberry"},{"floor":8.0,"key":"Bag of Marbles"},{"floor":9.0,"key":"Orichalcum"},{"floor":10.0,"key":"Regal Pillow"},{"floor":26.0,"key":"Mercury Hourglass"},{"floor":31.0,"key":"War Paint"}],"event_choices":[{"damage_healed":0.0,"max_hp_gain":0.0,"max_hp_loss":0.0,"gold_gain":0.0,"cards_transformed":["Strike_G"],"event_name":"Living Wall","player_choice":"Change","floor":2.0,"gold_loss":0.0,"damage_taken":0.0,"cards_obtained":["Infinite Blades"]},{"damage_healed":0.0,"max_hp_gain":0.0,"max_hp_loss":0.0,"gold_gain":0.0,"event_name":"The Cleric","player_choice":"Leave","floor":4.0,"gold_loss":0.0,"damage_taken":0.0},{"damage_healed":0.0,"max_hp_gain":0.0,"max_hp_loss":0.0,"gold_gain":0.0,"event_name":"FaceTrader","player_choice":"Trade","floor":13.0,"gold_loss":0.0,"damage_taken":0.0,"relics_obtained":["CultistMask"]},{"damage_healed":0.0,"max_hp_gain":0.0,"max_hp_loss":0.0,"gold_gain":0.0,"event_name":"Back to Basics","player_choice":"Simplicity","floor":21.0,"gold_loss":0.0,"damage_taken":0.0,"cards_upgraded":["Defend_G","Defend_G","Defend_G","Defend_G","Defend_G","Strike_G","Strike_G","Strike_G","Strike_G"]},{"damage_healed":0.0,"max_hp_gain":0.0,"max_hp_loss":0.0,"gold_gain":50.0,"event_name":"Nest","player_choice":"Stole From Cult","floor":22.0,"gold_loss":0.0,"damage_taken":0.0}],"is_beta":false,"boss_relics":[{"not_picked":["White Beast Statue","HoveringKite"],"picked":"WristBlade"}],"items_purged_floors":[],"is_endless":false,"potions_floor_spawned":[5,11,27,29],"killed_by":"Collector","ascension_level":19}