{"gold_per_floor":[115,125,125,142,156,156,156,187,187,187,187,187,213,213,213,288,288,308,308,308,328,347,373,373,400,400,62,78,91,116,150,150,150],"floor_reached":33,"playtime":1080,"items_purged":["Strike_R"],"score":626,"play_id":"3925e490-bbd6-443d-9ccf-0984c2398cd5","local_time":"20190723171213","is_ascension_mode":true,"campfire_choices":[{"data":"Immolate","floor":6,"key":"SMITH"},{"data":"Bash","floor":10,"key":"SMITH"},{"data":"Feel No Pain","floor":12,"key":"SMITH"},{"data":"Clothesline","floor":15,"key":"SMITH"},{"data":"Shockwave","floor":24,"key":"SMITH"},{"data":"Entrench","floor":32,"key":"SMITH"}],"neow_cost":"NONE","seed_source_timestamp":351315961491800,"circlet_count":0,"master_deck":["AscendersBane","Defend_R","Defend_R","Defend_R","Defend_R","Bash+1","Flame Barrier","Clothesline+1","Immolate+1","Feel No Pain+1","Pommel Strike","Ghostly Armor","Reaper","Clash+1","Carnage+1","Havoc+1","True Grit","Shockwave+1","Double Tap","Shrug It Off","Spot Weakness+1","Entrench+1","Corruption"],"relics":["Philosopher\u0027s Stone","Smiling Mask","The Courier","Self Forming Clay","Astrolabe","Singing Bowl","FossilizedHelix","Shuriken","Regal Pillow","Membership Card","Meat on the Bone","Gremlin Horn","Red Mask"],"potions_floor_usage":[16,16,23,31],"damage_taken":[{"damage":5,"enemies":"Small Slimes","floor":1,"turns":3},{"damage":0,"enemies":"Cultist","floor":2,"turns":3},{"damage":0,"enemies":"2 Louse","floor":4,"turns":1},{"damage":0,"enemies":"Exordium Wildlife","floor":5,"turns":2},{"damage":9,"enemies":"Gremlin Nob","floor":8,"turns":3},{"damage":11,"enemies":"3 Sentries","floor":13,"turns":3},{"damage":16,"enemies":"Hexaghost","floor":16,"turns":8},{"damage":5,"enemies":"2 Thieves","floor":18,"turns":4},{"damage":1,"enemies":"Spheric Guardian","floor":21,"turns":4},{"damage":4,"enemies":"Centurion and Healer","floor":22,"turns":5},{"damage":41,"enemies":"Book of Stabbing","floor":23,"turns":6},{"damage":23,"enemies":"Gremlin Leader","floor":25,"turns":5},{"damage":10,"enemies":"Shelled Parasite and Fungi","floor":28,"turns":4},{"damage":9,"enemies":"Sentry and Sphere","floor":29,"turns":9},{"damage":6,"enemies":"Slavers","floor":30,"turns":4},{"damage":17,"enemies":"Masked Bandits","floor":31,"turns":3},{"damage":67,"enemies":"Collector","floor":33,"turns":13}],"seed_played":"7462504605916773088","potions_obtained":[{"floor":4,"key":"Dexterity Potion"},{"floor":5,"key":"PowerPotion"},{"floor":16,"key":"EssenceOfSteel"},{"floor":18,"key":"Dexterity Potion"},{"floor":21,"key":"FearPotion"},{"floor":30,"key":"AttackPotion"}],"is_trial":false,"path_per_floor":["M","M","?","M","M","R","?","E","T","R","T","R","E","?","R","B",null,"M","?","T","M","M","E","R","E","T","$","M","M","E","?","R","B"],"character_chosen":"IRONCLAD","items_purchased":["Membership Card","Meat on the Bone"],"campfire_rested":0,"item_purchase_floors":[27,27],"current_hp_per_floor":[63,63,63,63,63,63,63,54,54,54,54,54,43,43,43,27,63,58,58,58,57,71,30,30,21,21,21,25,34,44,48,48,0],"gold":150,"neow_bonus":"BOSS_RELIC","is_prod":false,"is_daily":false,"chose_seed":false,"campfire_upgraded":6,"win_rate":0,"timestamp":1563869533,"path_taken":["M","M","?","?","M","R","?","E","T","R","?","R","E","?","R","BOSS","M","?","?","?","M","E","R","E","T","$","M","M","E","?","R","BOSS"],"build_version":"2019-07-17","purchased_purges":1,"victory":false,"max_hp_per_floor":[75,75,75,75,75,75,75,75,75,75,75,75,75,75,75,75,75,75,75,75,75,77,77,77,77,77,77,79,79,81,81,81,81],"card_choices":[{"not_picked":["Heavy Blade","Armaments"],"picked":"Flame Barrier","floor":1},{"not_picked":["Headbutt","Entrench"],"picked":"Clothesline","floor":2},{"not_picked":["Wild Strike","Havoc"],"picked":"Feel No Pain","floor":4},{"not_picked":["Clash","Anger"],"picked":"Pommel Strike","floor":5},{"not_picked":["Whirlwind","Carnage","Uppercut"],"picked":"SKIP","floor":8},{"not_picked":["Cleave","Immolate"],"picked":"Ghostly Armor","floor":13},{"not_picked":["Berserk","Impervious"],"picked":"Reaper","floor":16},{"not_picked":["Sword Boomerang","Heavy Blade"],"picked":"True Grit","floor":18},{"not_picked":["Thunderclap","Wild Strike"],"picked":"Double Tap","floor":21},{"not_picked":["Bloodletting","Cleave","Whirlwind"],"picked":"Singing Bowl","floor":22},{"not_picked":["Hemokinesis","Twin Strike+1"],"picked":"Shrug It Off","floor":23},{"not_picked":["Warcry+1","Sentinel"],"picked":"Spot Weakness+1","floor":25},{"not_picked":["Warcry","Heavy Blade","Sword Boomerang"],"picked":"Singing Bowl","floor":28},{"not_picked":["Wild Strike","Clothesline+1"],"picked":"Entrench","floor":29},{"not_picked":["Sentinel","Fire Breathing","Whirlwind"],"picked":"Singing Bowl","floor":30},{"not_picked":["Second Wind","Pommel Strike"],"picked":"Corruption","floor":31}],"player_experience":1144335,"relics_obtained":[{"floor":8,"key":"Smiling Mask"},{"floor":11,"key":"The Courier"},{"floor":13,"key":"Self Forming Clay"},{"floor":20,"key":"Singing Bowl"},{"floor":23,"key":"FossilizedHelix"},{"floor":25,"key":"Shuriken"},{"floor":26,"key":"Regal Pillow"},{"floor":30,"key":"Gremlin Horn"},{"floor":31,"key":"Red Mask"}],"event_choices":[{"damage_healed":0,"gold_gain":0,"player_choice":"1 cards matched","damage_taken":0,"max_hp_gain":0,"max_hp_loss":0,"event_name":"Match and Keep!","floor":3,"gold_loss":0,"cards_obtained":["Immolate"]},{"damage_healed":0,"gold_gain":0,"player_choice":"Ignored","damage_taken":0,"max_hp_gain":0,"max_hp_loss":0,"event_name":"Liars Game","floor":7,"gold_loss":0},{"cards_removed":["Strike_R"],"damage_healed":0,"gold_gain":0,"player_choice":"Offered Basic","damage_taken":0,"max_hp_gain":0,"max_hp_loss":0,"event_name":"Bonfire Elementals","floor":14,"gold_loss":0},{"damage_healed":0,"gold_gain":0,"player_choice":"Read","damage_taken":0,"max_hp_gain":0,"max_hp_loss":0,"event_name":"The Library","floor":19,"gold_loss":0,"cards_obtained":["Shockwave"]},{"damage_healed":0,"gold_gain":0,"player_choice":"Fought Bandits","damage_taken":0,"max_hp_gain":0,"max_hp_loss":0,"event_name":"Masked Bandits","floor":31,"gold_loss":0}],"is_beta":false,"boss_relics":[{"not_picked":["Runic Cube","Pandora\u0027s Box"],"picked":"Astrolabe"}],"items_purged_floors":[27],"is_endless":false,"potions_floor_spawned":[4,5,16,18,21,30],"killed_by":"Collector","ascension_level":20}