{"gold_per_floor":[115,115,115,115,132,132,151,151,178,208,235,118,118,134,134,210,210,222,222,147,159,70,70,120,145,191,202,202,202,215,76,76,150,150,160,35,35,45,60,60,71,71,97,53,84,98,115,132,132,132,132,132,132,104,129,129],"floor_reached":57,"playtime":3310,"items_purged":["Strike_G","Defend_G","Slice"],"score":2750,"play_id":"7abcd024-9cc0-4e67-b4a5-aecf96ab91bd","local_time":"20190725201946","is_ascension_mode":true,"campfire_choices":[{"data":"Noxious Fumes","floor":6,"key":"SMITH"},{"data":"Glass Knife","floor":8,"key":"SMITH"},{"data":"Catalyst","floor":13,"key":"SMITH"},{"data":"Neutralize","floor":15,"key":"SMITH"},{"data":"Bouncing Flask","floor":23,"key":"SMITH"},{"data":"Tactician","floor":28,"key":"SMITH"},{"data":"Reflex","floor":32,"key":"SMITH"},{"data":"Well Laid Plans","floor":40,"key":"SMITH"},{"data":"Footwork","floor":42,"key":"SMITH"},{"floor":49,"key":"RECALL"},{"data":"Reflex","floor":53,"key":"SMITH"}],"neow_cost":"PERCENT_DAMAGE","seed_source_timestamp":533128842549999,"circlet_count":0,"master_deck":["AscendersBane","Survivor","Neutralize+1","Deflect","Tools of the Trade","Noxious Fumes+1","Glass Knife+1","Reflex+1","Backflip","Catalyst+1","Acrobatics","Corpse Explosion","Underhanded Strike+1","Bouncing Flask+1","Tactician+1","PiercingWail","Escape Plan","Footwork+1","Tools of the Trade","Die Die Die","Blur","Flechettes","Distraction","Well Laid Plans+1","Reflex+1","Blur","Deflect+1","After Image","Catalyst+1","Dodge and Roll"],"relics":["Ring of the Snake","Meat on the Bone","Anchor","Bag of Marbles","Odd Mushroom","Sozu","Enchiridion","Ice Cream","Strawberry","Pandora\u0027s Box","Bird Faced Urn","Gambling Chip","Sundial"],"potions_floor_usage":[10,56],"damage_taken":[{"damage":0,"enemies":"Small Slimes","floor":1,"turns":8},{"damage":1,"enemies":"2 Louse","floor":5,"turns":3},{"damage":0,"enemies":"Cultist","floor":7,"turns":4},{"damage":31,"enemies":"Gremlin Nob","floor":10,"turns":5},{"damage":17,"enemies":"The Mushroom Lair","floor":11,"turns":5},{"damage":0,"enemies":"3 Louse","floor":14,"turns":3},{"damage":6,"enemies":"The Guardian","floor":16,"turns":13},{"damage":11,"enemies":"2 Thieves","floor":18,"turns":3},{"damage":0,"enemies":"Chosen","floor":21,"turns":3},{"damage":0,"enemies":"Gremlin Leader","floor":25,"turns":4},{"damage":1,"enemies":"Centurion and Healer","floor":27,"turns":4},{"damage":0,"enemies":"Snecko","floor":30,"turns":3},{"damage":17,"enemies":"Automaton","floor":33,"turns":10},{"damage":2,"enemies":"Orb Walker","floor":35,"turns":3},{"damage":14,"enemies":"3 Darklings","floor":38,"turns":4},{"damage":19,"enemies":"Spire Growth","floor":39,"turns":6},{"damage":0,"enemies":"Transient","floor":41,"turns":6},{"damage":9,"enemies":"Giant Head","floor":45,"turns":6},{"damage":0,"enemies":"Maw","floor":46,"turns":6},{"damage":6,"enemies":"4 Shapes","floor":47,"turns":3},{"damage":11,"enemies":"Sphere and 2 Shapes","floor":48,"turns":4},{"damage":0,"enemies":"Time Eater","floor":50,"turns":7},{"damage":42,"enemies":"Awakened One","floor":51,"turns":14},{"damage":36,"enemies":"Shield and Spear","floor":55,"turns":5},{"damage":51,"enemies":"The Heart","floor":56,"turns":10}],"seed_played":"-4894365849669673068","potions_obtained":[{"floor":1,"key":"Ancient Potion"},{"floor":11,"key":"LiquidBronze"},{"floor":16,"key":"SpeedPotion"}],"is_trial":false,"path_per_floor":["M","?","?","?","M","R","M","R","T","E","?","$","R","M","R","B",null,"M","?","?","M","$","R","?","E","T","M","R","?","M","$","R","B",null,"M","$","?","M","M","R","M","R","T","$","E","M","M","M","R","B","B",null,"R","$","E","B",null],"character_chosen":"THE_SILENT","items_purchased":["Catalyst","Bouncing Flask","Footwork","Reflex","Dodge and Roll"],"campfire_rested":0,"item_purchase_floors":[12,22,31,44,54],"current_hp_per_floor":[44,49,49,49,48,48,48,48,48,29,24,24,24,36,36,42,64,53,32,32,44,44,44,44,44,51,50,50,28,40,40,40,35,71,69,69,69,67,60,60,72,72,72,72,75,83,81,78,78,83,47,74,74,74,52,27],"gold":129,"neow_bonus":"TRANSFORM_TWO_CARDS","is_prod":false,"is_daily":false,"chose_seed":false,"campfire_upgraded":10,"win_rate":0,"timestamp":1564053586,"path_taken":["M","?","?","?","M","R","?","R","T","E","?","$","R","M","R","BOSS","M","?","?","M","$","R","?","E","T","M","R","?","M","$","R","BOSS","M","$","?","M","?","R","?","R","T","?","E","?","M","?","R","BOSS","BOSS","R","$","E","BOSS"],"build_version":"2019-07-17","purchased_purges":3,"victory":true,"max_hp_per_floor":[66,71,71,71,71,71,71,71,71,71,71,71,71,71,71,71,71,71,71,71,71,71,71,71,71,78,78,78,83,83,83,83,83,83,83,83,83,83,83,83,83,83,83,83,83,83,83,83,83,83,83,83,83,83,83,83],"card_choices":[{"not_picked":["Accuracy","Cloak And Dagger"],"picked":"Noxious Fumes","floor":1},{"not_picked":["Bane","Prepared"],"picked":"Slice","floor":5},{"not_picked":["Dagger Throw","Riddle With Holes","Deflect"],"picked":"SKIP","floor":7},{"not_picked":["Blade Dance","Sucker Punch"],"picked":"Reflex","floor":10},{"not_picked":["Prepared","Wraith Form v2"],"picked":"Backflip","floor":11},{"not_picked":["Eviscerate","Terror"],"picked":"Acrobatics","floor":14},{"not_picked":["Glass Knife","Doppelganger"],"picked":"Corpse Explosion","floor":16},{"not_picked":["Flying Knee","Dagger Spray"],"picked":"Underhanded Strike+1","floor":18},{"not_picked":["Bullet Time","Dodge and Roll+1","Bane"],"picked":"SKIP","floor":21},{"not_picked":["Prepared","Sucker Punch+1"],"picked":"Tactician","floor":25},{"not_picked":["Accuracy","Choke"],"picked":"PiercingWail","floor":27},{"not_picked":["Sucker Punch+1","Acrobatics"],"picked":"Escape Plan","floor":30},{"not_picked":["Storm of Steel","Grand Finale"],"picked":"Tools of the Trade","floor":33},{"not_picked":["Dash","Noxious Fumes"],"picked":"Well Laid Plans","floor":35},{"not_picked":["Cloak And Dagger","Poisoned Stab+1","Dagger Throw+1"],"picked":"SKIP","floor":38},{"not_picked":["Bane+1","Well Laid Plans","PiercingWail"],"picked":"SKIP","floor":39},{"not_picked":["Bane+1","Well Laid Plans","PiercingWail"],"picked":"SKIP","floor":39},{"not_picked":["Endless Agony","Eviscerate+1","Accuracy+1"],"picked":"SKIP","floor":41},{"not_picked":["Poisoned Stab","Dagger Spray+1"],"picked":"Blur","floor":45},{"not_picked":["Quick Slash","Acrobatics"],"picked":"Deflect+1","floor":46},{"not_picked":["Sucker Punch","Cloak And Dagger"],"picked":"After Image","floor":47},{"not_picked":["Blade Dance+1","Dagger Throw"],"picked":"Catalyst+1","floor":48},{"not_picked":["Dodge and Roll","Poisoned Stab+1","Underhanded Strike"],"picked":"SKIP","floor":55}],"player_experience":1212105,"relics_obtained":[{"floor":4,"key":"Meat on the Bone"},{"floor":9,"key":"Anchor"},{"floor":10,"key":"Bag of Marbles"},{"floor":11,"key":"Odd Mushroom"},{"floor":19,"key":"Enchiridion"},{"floor":25,"key":"Ice Cream"},{"floor":26,"key":"Strawberry"},{"floor":45,"key":"Gambling Chip"},{"floor":55,"key":"Sundial"}],"event_choices":[{"damage_healed":0,"gold_gain":0,"player_choice":"Donut","damage_taken":0,"max_hp_gain":5,"max_hp_loss":0,"event_name":"Big Fish","floor":2,"gold_loss":0},{"damage_healed":0,"gold_gain":0,"cards_transformed":["Strike_G"],"player_choice":"Change","damage_taken":0,"max_hp_gain":0,"max_hp_loss":0,"event_name":"Living Wall","floor":3,"gold_loss":0,"cards_obtained":["Glass Knife"]},{"damage_healed":0,"gold_gain":0,"player_choice":"Relic","damage_taken":0,"max_hp_gain":0,"max_hp_loss":0,"event_name":"Wheel of Change","floor":4,"gold_loss":0},{"damage_healed":0,"gold_gain":0,"player_choice":"Fought Mushrooms","damage_taken":0,"max_hp_gain":0,"max_hp_loss":0,"event_name":"Mushrooms","floor":11,"gold_loss":0},{"damage_healed":0,"gold_gain":0,"player_choice":"Obtained Book","damage_taken":21,"max_hp_gain":0,"max_hp_loss":0,"event_name":"Cursed Tome","floor":19,"gold_loss":0},{"cards_removed":["Strike_G"],"damage_healed":0,"gold_gain":0,"player_choice":"Gave Gold","damage_taken":0,"max_hp_gain":0,"max_hp_loss":0,"event_name":"Beggar","floor":20,"gold_loss":75},{"damage_healed":0,"gold_gain":50,"player_choice":"Stole From Cult","damage_taken":0,"max_hp_gain":0,"max_hp_loss":0,"event_name":"Nest","floor":24,"gold_loss":0},{"damage_healed":0,"gold_gain":0,"player_choice":"Shed Blood","damage_taken":27,"max_hp_gain":5,"max_hp_loss":0,"event_name":"Forgotten Altar","floor":29,"gold_loss":0},{"damage_healed":0,"gold_gain":0,"player_choice":"Gave Potion","damage_taken":0,"relics_obtained":["Bird Faced Urn"],"max_hp_gain":0,"max_hp_loss":0,"event_name":"WeMeetAgain","floor":37,"gold_loss":0}],"is_beta":false,"boss_relics":[{"not_picked":["Runic Dome","Busted Crown"],"picked":"Sozu"},{"not_picked":["Snecko Eye","Cursed Key"],"picked":"Pandora\u0027s Box"}],"items_purged_floors":[12,31,36],"is_endless":false,"potions_floor_spawned":[1,11,16,25,30,33,35,41,45,47,48,55],"ascension_level":20}