{"gold_per_floor":[114,124,199,199,124,124,151,168,168,202,38,49,76,76,76,169,169,185,185,205,205,40,40,64,64,89,113,153,203,203,247,247,338,338,358,1357,981,1045,1065,1099,1099,521,600,625,659,881,914,937,937,937,937,937,937,21,54,54],"floor_reached":57,"playtime":3322,"items_purged":["Normality","Writhe","Strike_R+1"],"score":3023,"play_id":"70fb0630-41e0-40dd-aff3-3df1f4ea5c95","local_time":"20190716181315","is_ascension_mode":true,"campfire_choices":[{"data":"Bash","floor":6,"key":"SMITH"},{"data":"True Grit","floor":15,"key":"SMITH"},{"data":"Disarm","floor":23,"key":"SMITH"},{"data":"Juggernaut","floor":25,"key":"SMITH"},{"data":"Rampage","floor":30,"key":"SMITH"},{"data":"Shrug It Off","floor":32,"key":"SMITH"},{"data":"Armaments","floor":41,"key":"SMITH"},{"floor":49,"key":"RECALL"},{"data":"Second Wind","floor":53,"key":"SMITH"}],"neow_cost":"NONE","seed_source_timestamp":315735496592400,"circlet_count":0,"master_deck":["AscendersBane","Strike_R+1","Defend_R","Defend_R","Defend_R","Defend_R","Bash+1","True Grit+1","Brutality","Rampage+1","Twin Strike+1","Disarm+1","Demon Form+1","Whirlwind+1","Shrug It Off+1","Juggernaut+1","Exhume","Second Wind+1","Feed+1","Entrench","Armaments+1","Shrug It Off","Seeing Red","Clothesline+1","Sword Boomerang+1","Parasite","Entrench","Sentinel+1","Armaments+1"],"relics":["Burning Blood","NeowsBlessing","FossilizedHelix","Matryoshka","Molten Egg 2","PreservedInsect","Meat on the Bone","Golden Idol","Cursed Key","Vajra","Oddly Smooth Stone","Omamori","Red Mask","Centennial Puzzle","Happy Flower","Snecko Eye","Regal Pillow","Incense Burner","Bottled Tornado","Frozen Egg 2","Bag of Marbles","Mercury Hourglass","Bronze Scales","Whetstone","Medical Kit","Orichalcum","Ornamental Fan","Red Skull"],"potions_floor_usage":[10,13,33,39,40,45,51,55,56],"damage_taken":[{"damage":0,"enemies":"Small Slimes","floor":1,"turns":1},{"damage":0,"enemies":"2 Louse","floor":2,"turns":1},{"damage":0,"enemies":"Lagavulin","floor":7,"turns":2},{"damage":0,"enemies":"Jaw Worm","floor":8,"turns":4},{"damage":40,"enemies":"3 Sentries","floor":10,"turns":11},{"damage":20,"enemies":"Exordium Thugs","floor":12,"turns":6},{"damage":11,"enemies":"Lagavulin","floor":13,"turns":7},{"damage":11,"enemies":"The Guardian","floor":16,"turns":13},{"damage":26,"enemies":"Chosen","floor":18,"turns":5},{"damage":20,"enemies":"2 Thieves","floor":20,"turns":5},{"damage":18,"enemies":"Snecko","floor":24,"turns":4},{"damage":2,"enemies":"Centurion and Healer","floor":27,"turns":5},{"damage":0,"enemies":"Masked Bandits","floor":28,"turns":2},{"damage":12,"enemies":"Book of Stabbing","floor":31,"turns":5},{"damage":52,"enemies":"Automaton","floor":33,"turns":9},{"damage":25,"enemies":"3 Shapes","floor":35,"turns":8},{"damage":37,"enemies":"2 Orb Walkers","floor":38,"turns":6},{"damage":0,"enemies":"3 Darklings","floor":39,"turns":6},{"damage":8,"enemies":"Nemesis","floor":40,"turns":7},{"damage":0,"enemies":"Jaw Worm Horde","floor":44,"turns":5},{"damage":2,"enemies":"Giant Head","floor":45,"turns":8},{"damage":14,"enemies":"Reptomancer","floor":47,"turns":5},{"damage":15,"enemies":"Spire Growth","floor":48,"turns":6},{"damage":42,"enemies":"Time Eater","floor":50,"turns":10},{"damage":9,"enemies":"Donu and Deca","floor":51,"turns":11},{"damage":12,"enemies":"Shield and Spear","floor":55,"turns":5},{"damage":47,"enemies":"The Heart","floor":56,"turns":7}],"seed_played":"-7216755031962444159","potions_obtained":[{"floor":7,"key":"SteroidPotion"},{"floor":12,"key":"Regen Potion"},{"floor":13,"key":"FairyPotion"},{"floor":16,"key":"GamblersBrew"},{"floor":18,"key":"Weak Potion"},{"floor":27,"key":"SteroidPotion"},{"floor":33,"key":"Weak Potion"},{"floor":39,"key":"PowerPotion"},{"floor":40,"key":"Block Potion"}],"is_trial":false,"path_per_floor":["M","M","?","?","?","R","E","M","T","E","$","M","E","?","R","B",null,"M","?","M","?","$","R","M","R","T","M","?","T","R","E","R","B",null,"M","?","$","?","M","E","R","$","T","M","E","?","E","M","R","B","B",null,"R","$","E","B",null],"character_chosen":"IRONCLAD","items_purchased":["PreservedInsect","Vajra","Dexterity Potion","Regal Pillow","Armaments","Shrug It Off","Sword Boomerang+1","Frozen Egg 2","Bag of Marbles","Medical Kit","LiquidBronze","Poison Potion","Orichalcum","Ornamental Fan"],"campfire_rested":0,"item_purchase_floors":[11,22,37,37,37,37,42,42,42,54,54,54,54,54],"current_hp_per_floor":[74,75,64,64,64,64,70,75,75,41,41,27,37,11,11,25,63,55,55,53,53,53,53,53,53,53,57,63,63,63,57,57,23,62,51,51,51,40,62,64,64,64,64,78,86,86,78,69,69,45,58,101,101,101,95,66],"gold":54,"neow_bonus":"THREE_ENEMY_KILL","is_prod":false,"is_daily":false,"chose_seed":false,"campfire_upgraded":8,"win_rate":0,"timestamp":1563268395,"path_taken":["M","M","?","?","?","R","E","M","T","E","$","M","E","?","R","BOSS","M","?","?","?","?","R","M","R","T","M","?","?","R","E","R","BOSS","M","?","$","?","M","E","R","$","T","?","E","?","E","M","R","BOSS","BOSS","R","$","E","BOSS"],"build_version":"2019-07-05","purchased_purges":3,"victory":true,"max_hp_per_floor":[75,75,75,75,75,75,75,75,75,75,75,75,75,75,75,75,75,75,75,75,75,75,75,75,75,75,75,75,75,75,75,75,75,75,83,83,83,91,95,99,99,99,99,107,111,111,111,111,111,111,115,115,115,115,115,115],"card_choices":[{"not_picked":["Clash","Ghostly Armor"],"picked":"True Grit","floor":1},{"not_picked":["Dual Wield","Flex","Sever Soul"],"picked":"SKIP","floor":2},{"not_picked":["Headbutt","Perfected Strike","Rage"],"picked":"SKIP","floor":7},{"not_picked":["Seeing Red","Clothesline"],"picked":"Rampage","floor":8},{"not_picked":["Intimidate","Warcry","Flex"],"picked":"SKIP","floor":10},{"not_picked":["Twin Strike+1","Wild Strike+1","Havoc"],"picked":"SKIP","floor":12},{"not_picked":["Wild Strike+1","Havoc"],"picked":"Twin Strike+1","floor":12},{"not_picked":["Intimidate","Shrug It Off"],"picked":"Disarm","floor":13},{"not_picked":["Dark Embrace","Barricade"],"picked":"Demon Form","floor":16},{"not_picked":["Sword Boomerang+1","Blood for Blood+1"],"picked":"Whirlwind+1","floor":18},{"not_picked":["Body Slam+1","Infernal Blade"],"picked":"Shrug It Off","floor":20},{"not_picked":["Flex","Sever Soul+1","Burning Pact"],"picked":"SKIP","floor":24},{"not_picked":["True Grit","Twin Strike+1","Clothesline+1"],"picked":"SKIP","floor":27},{"not_picked":["Headbutt+1","Hemokinesis+1"],"picked":"Exhume","floor":28},{"not_picked":["Cleave+1","Iron Wave+1"],"picked":"Second Wind","floor":31},{"not_picked":["Double Tap","Reaper+1"],"picked":"Feed+1","floor":33},{"not_picked":["Evolve","True Grit"],"picked":"Entrench","floor":35},{"not_picked":["Cleave+1","Perfected Strike+1"],"picked":"Seeing Red","floor":39},{"not_picked":["Twin Strike+1","Body Slam+1"],"picked":"Clothesline+1","floor":40},{"not_picked":["Thunderclap+1","Shrug It Off"],"picked":"Entrench","floor":44},{"not_picked":["Immolate+1","Inflame+1"],"picked":"Sentinel+1","floor":45},{"not_picked":["Headbutt+1","Fire Breathing+1","Shrug It Off"],"picked":"SKIP","floor":47},{"not_picked":["Headbutt+1","Fire Breathing+1","Shrug It Off"],"picked":"SKIP","floor":47},{"not_picked":["Headbutt+1","True Grit"],"picked":"Armaments+1","floor":48},{"not_picked":["Flex","Immolate+1","Wild Strike+1"],"picked":"SKIP","floor":55}],"player_experience":1062108,"relics_obtained":[{"floor":7,"key":"FossilizedHelix"},{"floor":9,"key":"Matryoshka"},{"floor":10,"key":"Molten Egg 2"},{"floor":13,"key":"Meat on the Bone"},{"floor":26,"key":"Oddly Smooth Stone"},{"floor":26,"key":"Omamori"},{"floor":28,"key":"Red Mask"},{"floor":29,"key":"Centennial Puzzle"},{"floor":31,"key":"Happy Flower"},{"floor":38,"key":"Incense Burner"},{"floor":40,"key":"Bottled Tornado"},{"floor":43,"key":"Mercury Hourglass"},{"floor":45,"key":"Bronze Scales"},{"floor":47,"key":"Whetstone"},{"floor":55,"key":"Red Skull"}],"event_choices":[{"damage_healed":0,"gold_gain":75,"player_choice":"Gather Gold","damage_taken":11,"max_hp_gain":0,"max_hp_loss":0,"event_name":"World of Goop","floor":3,"gold_loss":0},{"damage_healed":0,"gold_gain":0,"cards_transformed":["Strike_R"],"player_choice":"Change","damage_taken":0,"max_hp_gain":0,"max_hp_loss":0,"event_name":"Living Wall","floor":4,"gold_loss":0,"cards_obtained":["Brutality"]},{"cards_removed":["Strike_R"],"damage_healed":0,"gold_gain":0,"player_choice":"Card Removal","damage_taken":0,"max_hp_gain":0,"max_hp_loss":0,"event_name":"The Cleric","floor":5,"gold_loss":75},{"damage_healed":0,"gold_gain":0,"player_choice":"Take Damage","damage_taken":26,"relics_obtained":["Golden Idol"],"max_hp_gain":0,"max_hp_loss":0,"event_name":"Golden Idol","floor":14,"gold_loss":0},{"damage_healed":0,"gold_gain":0,"player_choice":"Upgraded","damage_taken":0,"max_hp_gain":0,"max_hp_loss":0,"event_name":"Upgrade Shrine","floor":19,"gold_loss":0,"cards_upgraded":["Demon Form"]},{"damage_healed":0,"gold_gain":0,"cards_transformed":["Strike_R"],"player_choice":"Transformed","damage_taken":0,"max_hp_gain":0,"max_hp_loss":0,"event_name":"Transmorgrifier","floor":21,"gold_loss":0,"cards_obtained":["Juggernaut"]},{"damage_healed":0,"gold_gain":0,"player_choice":"Fought Bandits","damage_taken":0,"max_hp_gain":0,"max_hp_loss":0,"event_name":"Masked Bandits","floor":28,"gold_loss":0},{"damage_healed":0,"gold_gain":999,"player_choice":"Gold","damage_taken":0,"max_hp_gain":0,"max_hp_loss":0,"event_name":"MindBloom","floor":36,"gold_loss":0,"cards_obtained":["Normality","Normality"]},{"damage_healed":0,"gold_gain":0,"player_choice":"Fight","damage_taken":0,"max_hp_gain":0,"max_hp_loss":0,"event_name":"Mysterious Sphere","floor":38,"gold_loss":0},{"damage_healed":0,"gold_gain":222,"player_choice":"Wore Mask","damage_taken":0,"max_hp_gain":0,"max_hp_loss":0,"event_name":"Tomb of Lord Red Mask","floor":46,"gold_loss":0}],"is_beta":false,"boss_relics":[{"not_picked":["Coffee Dripper","Eternal Feather"],"picked":"Cursed Key"},{"not_picked":["Busted Crown","Runic Dome"],"picked":"Snecko Eye"}],"items_purged_floors":[37,42,54],"is_endless":false,"potions_floor_spawned":[7,12,13,16,18,27,33,39,40,44],"ascension_level":20}