{"gold_per_floor":[110,120,135,16,166,166,195,195,195,223,240,260,274,14,14,93,93,110,8,8,25,25,25,50,68,92,42,75,75,106,124,124,195,245,265,283,12,0,400,400,432,432,481,526,536,536,536,556,556,556],"floor_reached":51,"playtime":3618,"items_purged":[],"score":1563,"play_id":"325fcfc8-2cbf-4227-b2de-23461d5cc59e","local_time":"20190724212751","is_ascension_mode":true,"campfire_choices":[{"data":"Infinite Blades","floor":6.0,"key":"SMITH"},{"data":"Dash","floor":8.0,"key":"SMITH"},{"floor":15.0,"key":"REST"},{"floor":23.0,"key":"REST"},{"floor":29.0,"key":"REST"},{"floor":32.0,"key":"REST"},{"floor":40.0,"key":"REST"},{"floor":47,"key":"REST"},{"floor":49,"key":"REST"}],"neow_cost":"TEN_PERCENT_HP_LOSS","seed_source_timestamp":440642133759356,"circlet_count":0,"master_deck":["AscendersBane","Strike_G","Strike_G","Strike_G","Strike_G","Strike_G","Defend_G+1","Defend_G","Defend_G+1","Defend_G","Defend_G","Survivor","Neutralize","Escape Plan","Dash+1","Infinite Blades+1","Masterful Stab","Dash","PiercingWail","Slice","Finisher","PiercingWail","Cloak And Dagger+1","Panacea+1","Doppelganger","After Image","Flechettes","Panacea","Cloak And Dagger+1","Calculated Gamble","Footwork+1","Bullet Time","Predator","Dagger Spray","Adrenaline","Infinite Blades","PiercingWail","Backstab","Magnetism","Glass Knife","Calculated Gamble+1","Distraction","Calculated Gamble","Infinite Blades+1","Blade Dance+1"],"special_seed":0,"relics":["Ring of the Snake","Dead Branch","Meat on the Bone","Vajra","Shuriken","Fusion Hammer","War Paint","PreservedInsect","Art of War","Juzu Bracelet","Tiny House","Red Mask","Old Coin","Gremlin Horn","Centennial Puzzle","Mango"],"potions_floor_usage":[44,44,50],"damage_taken":[{"damage":0.0,"enemies":"Jaw Worm","floor":1.0,"turns":4.0},{"damage":0.0,"enemies":"Cultist","floor":2.0,"turns":4.0},{"damage":4.0,"enemies":"Small Slimes","floor":3.0,"turns":4.0},{"damage":0.0,"enemies":"3 Sentries","floor":7.0,"turns":5.0},{"damage":18.0,"enemies":"Gremlin Nob","floor":10.0,"turns":4.0},{"damage":1.0,"enemies":"Looter","floor":11.0,"turns":3.0},{"damage":2.0,"enemies":"2 Fungi Beasts","floor":12.0,"turns":3.0},{"damage":0.0,"enemies":"Lots of Slimes","floor":13.0,"turns":3.0},{"damage":2.0,"enemies":"The Guardian","floor":16.0,"turns":9.0},{"damage":0.0,"enemies":"3 Byrds","floor":18.0,"turns":5.0},{"damage":0.0,"enemies":"Spheric Guardian","floor":21.0,"turns":3.0},{"damage":0.0,"enemies":"Slavers","floor":24.0,"turns":2.0},{"damage":0.0,"enemies":"Centurion and Healer","floor":25.0,"turns":3.0},{"damage":0.0,"enemies":"Gremlin Leader","floor":28.0,"turns":3.0},{"damage":22.0,"enemies":"Slavers","floor":30.0,"turns":4.0},{"damage":0.0,"enemies":"3 Cultists","floor":31.0,"turns":4.0},{"damage":15.0,"enemies":"Automaton","floor":33.0,"turns":7.0},{"damage":12.0,"enemies":"3 Shapes","floor":35.0,"turns":13.0},{"damage":2.0,"enemies":"Orb Walker","floor":36.0,"turns":4.0},{"damage":0.0,"enemies":"Mind Bloom Boss Battle","floor":39.0,"turns":4.0},{"damage":0.0,"enemies":"Giant Head","floor":41.0,"turns":2.0},{"damage":21,"enemies":"2 Orb Walkers","floor":44,"turns":4},{"damage":7,"enemies":"Spire Growth","floor":45,"turns":4},{"damage":0,"enemies":"Transient","floor":48,"turns":6},{"damage":12,"enemies":"Awakened One","floor":50,"turns":9}],"seed_played":"7279459141453661079","potions_obtained":[{"floor":2.0,"key":"LiquidBronze"},{"floor":3.0,"key":"Explosive Potion"},{"floor":10.0,"key":"Energy Potion"},{"floor":11.0,"key":"FearPotion"},{"floor":16.0,"key":"Swift Potion"},{"floor":21.0,"key":"Energy Potion"},{"floor":30.0,"key":"Energy Potion"},{"floor":34.0,"key":"EssenceOfSteel"},{"floor":39.0,"key":"Fire Potion"},{"floor":41.0,"key":"Strength Potion"},{"floor":44,"key":"PowerPotion"}],"is_trial":false,"path_per_floor":["M","M","M","$","?","R","E","R","T","E","M","M","M","$","R","B",null,"M","$","?","M","$","R","E","M","T","?","E","R","E","M","R","B",null,"M","M","$","?","?","R","E","?","T","?","M","?","R","M","R","B",null],"character_chosen":"THE_SILENT","items_purchased":["Masterful Stab","Dash","Panacea","Doppelganger","Panacea","Magnetism","Glass Knife"],"campfire_rested":7,"item_purchase_floors":[4,4,14,14,19,37,37],"current_hp_per_floor":[59,59,55,55,55,55,55,55,55,37,36,34,34,34,52,50,58,58,58,58,58,58,60,60,60,60,60,60,60,38,38,56,41,60,48,46,46,46,46,65,65,65,65,58,51,51,73,73,75,63],"gold":556,"neow_bonus":"ONE_RARE_RELIC","is_prod":false,"is_daily":false,"chose_seed":false,"campfire_upgraded":2,"win_rate":0,"timestamp":1563992871,"path_taken":["M","M","M","$","?","R","E","R","T","E","M","M","M","$","R","BOSS","M","$","?","M","?","R","E","M","T","?","E","R","E","M","R","BOSS","M","M","$","?","?","R","E","?","T","?","M","?","R","M","R","BOSS"],"build_version":"2019-07-17","purchased_purges":0,"victory":true,"max_hp_per_floor":[60,60,60,60,60,60,60,60,60,60,60,60,60,60,60,60,60,60,60,60,60,60,60,60,60,60,60,60,60,60,60,60,60,65,65,65,65,65,65,65,65,65,65,79,79,75,75,75,75,75],"card_choices":[{"not_picked":["Underhanded Strike","Slice"],"picked":"Escape Plan","floor":1.0},{"not_picked":["Poisoned Stab","Skewer"],"picked":"Dash","floor":2.0},{"not_picked":["Distraction","Backstab"],"picked":"Infinite Blades","floor":3.0},{"not_picked":["Concentrate","Flying Knee"],"picked":"PiercingWail","floor":7.0},{"not_picked":["Flechettes","Noxious Fumes"],"picked":"Slice","floor":10.0},{"not_picked":["Bane","Skewer"],"picked":"Finisher","floor":11.0},{"not_picked":["Acrobatics","Slice"],"picked":"PiercingWail","floor":12.0},{"not_picked":["Outmaneuver","Bane"],"picked":"Cloak And Dagger","floor":13.0},{"not_picked":["Phantasmal Killer","Malaise"],"picked":"After Image","floor":16.0},{"not_picked":["Heel Hook","Dodge and Roll"],"picked":"Flechettes","floor":18.0},{"not_picked":["Heel Hook","Tactician"],"picked":"Cloak And Dagger+1","floor":21.0},{"not_picked":["Sucker Punch","Deadly Poison"],"picked":"Calculated Gamble","floor":24.0},{"not_picked":["Expertise","Eviscerate"],"picked":"Footwork+1","floor":25.0},{"not_picked":["Wraith Form v2","Dagger Throw"],"picked":"Bullet Time","floor":28.0},{"not_picked":["Quick Slash","Concentrate"],"picked":"Predator","floor":30.0},{"not_picked":["Acrobatics","Sucker Punch+1"],"picked":"Dagger Spray","floor":31.0},{"not_picked":["Envenom","Grand Finale"],"picked":"Adrenaline","floor":33.0},{"not_picked":["Prepared+1","Flechettes"],"picked":"Infinite Blades","floor":34.0},{"not_picked":["Dodge and Roll","Dagger Throw"],"picked":"PiercingWail","floor":35.0},{"not_picked":["Sucker Punch","Poisoned Stab"],"picked":"Backstab","floor":36.0},{"not_picked":["Slice+1","Dagger Throw+1"],"picked":"Calculated Gamble+1","floor":39.0},{"not_picked":["Dagger Throw","Heel Hook"],"picked":"Distraction","floor":41.0},{"not_picked":["All Out Attack","Reflex+1"],"picked":"Calculated Gamble","floor":44},{"not_picked":["Noxious Fumes","Phantasmal Killer"],"picked":"Infinite Blades+1","floor":45},{"not_picked":["Endless Agony","Outmaneuver+1"],"picked":"Blade Dance+1","floor":48}],"player_experience":1651354,"relics_obtained":[{"floor":7.0,"key":"Meat on the Bone"},{"floor":9.0,"key":"Vajra"},{"floor":10.0,"key":"Shuriken"},{"floor":24.0,"key":"War Paint"},{"floor":26.0,"key":"PreservedInsect"},{"floor":28.0,"key":"Art of War"},{"floor":30.0,"key":"Juzu Bracelet"},{"floor":39.0,"key":"Old Coin"},{"floor":41.0,"key":"Gremlin Horn"},{"floor":43.0,"key":"Centennial Puzzle"},{"floor":44,"key":"Mango"}],"event_choices":[{"damage_healed":0.0,"max_hp_gain":0.0,"max_hp_loss":0.0,"gold_gain":150.0,"event_name":"Liars Game","player_choice":"AGREE","floor":5.0,"gold_loss":0.0,"damage_taken":0.0,"cards_obtained":["Doubt"]},{"cards_removed":["Doubt"],"damage_healed":0.0,"max_hp_gain":0.0,"max_hp_loss":0.0,"gold_gain":0.0,"event_name":"Fountain of Cleansing","player_choice":"Removed Curses","floor":20.0,"gold_loss":0.0,"damage_taken":0.0},{"damage_healed":0.0,"max_hp_gain":0.0,"max_hp_loss":0.0,"gold_gain":0.0,"event_name":"Designer","player_choice":"Upgrade","floor":27.0,"gold_loss":50.0,"damage_taken":0.0,"cards_upgraded":["Cloak And Dagger"]},{"damage_healed":0.0,"max_hp_gain":0.0,"max_hp_loss":0.0,"gold_gain":0.0,"event_name":"Tomb of Lord Red Mask","player_choice":"Paid","floor":38.0,"gold_loss":12.0,"damage_taken":0.0,"relics_obtained":["Red Mask"]},{"damage_healed":0.0,"max_hp_gain":0.0,"max_hp_loss":0.0,"gold_gain":0.0,"event_name":"MindBloom","player_choice":"Fight","floor":39.0,"gold_loss":0.0,"damage_taken":0.0},{"damage_healed":0.0,"max_hp_gain":0.0,"max_hp_loss":0.0,"gold_gain":0.0,"event_name":"FaceTrader","player_choice":"Leave","floor":42.0,"gold_loss":0.0,"damage_taken":0.0},{"damage_healed":0,"gold_gain":0,"player_choice":"Fight","damage_taken":0,"max_hp_gain":0,"max_hp_loss":0,"event_name":"Mysterious Sphere","floor":44,"gold_loss":0},{"damage_healed":0,"gold_gain":0,"player_choice":"Max HP","damage_taken":0,"max_hp_gain":0,"max_hp_loss":4,"event_name":"Winding Halls","floor":46,"gold_loss":0}],"is_beta":false,"boss_relics":[{"not_picked":["Runic Pyramid","White Beast Statue"],"picked":"Fusion Hammer"},{"not_picked":["Eternal Feather","Coffee Dripper"],"picked":"Tiny House"}],"items_purged_floors":[],"is_endless":false,"potions_floor_spawned":[2,3,10,11,16,21,30,39,41,44],"ascension_level":17}