{"gold_per_floor":[118,118,118,118,137,167,167,196,220,252,271,32,32,48,48,127,127,139,64,64,64,74,105,105],"floor_reached":24,"playtime":765,"items_purged":["Strike_R"],"score":514,"play_id":"815d002b-4ed4-4516-9728-9400b46dd0c9","local_time":"20190718172820","is_ascension_mode":true,"campfire_choices":[{"data":"Whirlwind","floor":7.0,"key":"SMITH"},{"data":"True Grit","floor":15.0,"key":"SMITH"}],"neow_cost":"NONE","seed_source_timestamp":488248206614200,"circlet_count":0,"master_deck":["AscendersBane","Strike_R+1","Defend_R","Defend_R","Defend_R+1","Defend_R","Bash","Whirlwind+1","Infernal Blade+1","Ghostly Armor","Evolve","Offering","Seeing Red","True Grit+1","Offering","Dual Wield","Shrug It Off"],"special_seed":0,"relics":["Burning Blood","NeowsBlessing","War Paint","Lantern","Strawberry","Oddly Smooth Stone","Blood Vial","Art of War","Sozu","Enchiridion","Smiling Mask"],"potions_floor_usage":[],"damage_taken":[{"damage":0.0,"enemies":"Small Slimes","floor":1.0,"turns":1.0},{"damage":0.0,"enemies":"Jaw Worm","floor":5.0,"turns":1.0},{"damage":0.0,"enemies":"Lagavulin","floor":6.0,"turns":1.0},{"damage":5.0,"enemies":"3 Sentries","floor":8.0,"turns":6.0},{"damage":17.0,"enemies":"Gremlin Nob","floor":10.0,"turns":3.0},{"damage":0.0,"enemies":"2 Louse","floor":11.0,"turns":1.0},{"damage":6.0,"enemies":"Large Slime","floor":14.0,"turns":1.0},{"damage":11.0,"enemies":"The Guardian","floor":16.0,"turns":15.0},{"damage":0.0,"enemies":"3 Byrds","floor":18.0,"turns":4.0},{"damage":20.0,"enemies":"Spheric Guardian","floor":22.0,"turns":4.0},{"damage":48,"enemies":"Book of Stabbing","floor":23,"turns":5},{"damage":12,"enemies":"Snake Plant","floor":24,"turns":2}],"seed_played":"2981823274093452960","potions_obtained":[{"floor":1.0,"key":"Fire Potion"},{"floor":8.0,"key":"AttackPotion"}],"is_trial":false,"path_per_floor":["M","?","?","T","M","E","R","E","T","E","M","$","?","M","R","B",null,"M","?","?","?","M","E","M"],"character_chosen":"IRONCLAD","items_purchased":["Art of War"],"campfire_rested":0,"item_purchase_floors":[12],"current_hp_per_floor":[74,51,51,51,57,63,63,71,71,60,68,68,61,63,63,60,77,82,82,82,61,49,9,0],"gold":105,"neow_bonus":"THREE_ENEMY_KILL","is_prod":false,"is_daily":false,"chose_seed":false,"campfire_upgraded":2,"win_rate":0,"timestamp":1563438500,"path_taken":["M","?","?","?","M","E","R","E","T","E","?","$","?","M","R","BOSS","M","?","?","?","?","E","M"],"build_version":"2019-07-17","purchased_purges":1,"victory":false,"max_hp_per_floor":[75,75,75,75,75,75,75,82,82,82,82,82,82,82,82,82,82,82,82,82,82,82,82,82],"card_choices":[{"not_picked":["Havoc","Shrug It Off"],"picked":"Whirlwind","floor":1.0},{"not_picked":["Perfected Strike","Warcry"],"picked":"Ghostly Armor","floor":5.0},{"not_picked":["Sword Boomerang","Blood for Blood"],"picked":"Evolve","floor":6.0},{"not_picked":["Juggernaut","Cleave"],"picked":"Offering","floor":8.0},{"not_picked":["Warcry","Twin Strike"],"picked":"Seeing Red","floor":10.0},{"not_picked":["Rampage","Cleave"],"picked":"True Grit","floor":11.0},{"not_picked":["Havoc","Wild Strike","Cleave"],"picked":"SKIP","floor":14.0},{"not_picked":["Dark Embrace","Reaper"],"picked":"Offering","floor":16.0},{"not_picked":["Searing Blow","Flex","Heavy Blade+1"],"picked":"SKIP","floor":18.0},{"not_picked":["Heavy Blade","Intimidate"],"picked":"Shrug It Off","floor":22.0},{"not_picked":["Headbutt","Ghostly Armor","Wild Strike"],"picked":"SKIP","floor":23}],"player_experience":1087257,"relics_obtained":[{"floor":4.0,"key":"War Paint"},{"floor":6.0,"key":"Lantern"},{"floor":8.0,"key":"Strawberry"},{"floor":9.0,"key":"Oddly Smooth Stone"},{"floor":10.0,"key":"Blood Vial"},{"floor":21.0,"key":"Enchiridion"},{"floor":23,"key":"Smiling Mask"}],"event_choices":[{"damage_healed":0.0,"max_hp_gain":0.0,"max_hp_loss":0.0,"gold_gain":0.0,"event_name":"Shining Light","player_choice":"Entered Light","floor":2.0,"gold_loss":0.0,"damage_taken":23.0,"cards_upgraded":["Strike_R","Strike_R"]},{"damage_healed":0.0,"max_hp_gain":0.0,"max_hp_loss":0.0,"gold_gain":0.0,"cards_transformed":["Strike_R"],"event_name":"Living Wall","player_choice":"Change","floor":3.0,"gold_loss":0.0,"damage_taken":0.0,"cards_obtained":["Infernal Blade"]},{"cards_removed":["Strike_R"],"damage_healed":0.0,"max_hp_gain":0.0,"max_hp_loss":0.0,"gold_gain":0.0,"event_name":"Golden Wing","player_choice":"Card Removal","floor":13.0,"gold_loss":0.0,"damage_taken":7.0},{"cards_removed":["Strike_R"],"damage_healed":0.0,"max_hp_gain":0.0,"max_hp_loss":0.0,"gold_gain":0.0,"event_name":"Beggar","player_choice":"Gave Gold","floor":19.0,"gold_loss":75.0,"damage_taken":0.0},{"damage_healed":0.0,"max_hp_gain":0.0,"max_hp_loss":0.0,"gold_gain":0.0,"event_name":"The Library","player_choice":"Read","floor":20.0,"gold_loss":0.0,"damage_taken":0.0,"cards_obtained":["Dual Wield"]},{"damage_healed":0.0,"max_hp_gain":0.0,"max_hp_loss":0.0,"gold_gain":0.0,"event_name":"Cursed Tome","player_choice":"Obtained Book","floor":21.0,"gold_loss":0.0,"damage_taken":21.0}],"is_beta":false,"boss_relics":[{"not_picked":["Astrolabe","White Beast Statue"],"picked":"Sozu"}],"items_purged_floors":[12],"is_endless":false,"potions_floor_spawned":[1,8,10,14,23],"killed_by":"Snake Plant","ascension_level":20}