{"gold_per_floor":[119,119,119,3,15,15,15,56,56,206,206,221,221,260,260,351,351,376,391,161,177,202,240,240,240,267,267,283,326,342,367,367,367],"floor_reached":33,"playtime":1318,"items_purged":["Regret"],"score":640,"play_id":"15f63922-0f1b-49a7-8c4c-ab62d57407ed","local_time":"20190702150107","is_ascension_mode":true,"campfire_choices":[{"data":"Bash","floor":6.0,"key":"SMITH"},{"data":"Doubt","floor":11.0,"key":"PURGE"},{"data":"Strike_R","floor":13.0,"key":"PURGE"},{"data":"Strike_R","floor":15.0,"key":"PURGE"},{"data":"Feel No Pain","floor":24.0,"key":"SMITH"},{"data":"True Grit","floor":27.0,"key":"SMITH"},{"data":"Dual Wield","floor":32,"key":"SMITH"}],"neow_cost":"NONE","seed_source_timestamp":281850292514700,"circlet_count":0,"master_deck":["AscendersBane","Defend_R","Defend_R","Defend_R+1","Bash+1","Blood for Blood+1","Reaper+1","Feel No Pain","Offering+1","Offering","Offering+1","Immolate+1","Reaper+1","Body Slam+1","Pommel Strike+1","Feel No Pain+1","Dual Wield+1","True Grit+1","Whirlwind+1","Shrug It Off","Uppercut+1","Berserk"],"special_seed":0,"relics":["Burning Blood","NeowsBlessing","Shuriken","Molten Egg 2","Golden Idol","Peace Pipe","The Courier","Ginger","Astrolabe","War Paint","Bottled Tornado","Bird Faced Urn"],"potions_floor_usage":[29,33],"damage_taken":[{"damage":0.0,"enemies":"Cultist","floor":1.0,"turns":1.0},{"damage":0.0,"enemies":"2 Louse","floor":5.0,"turns":1.0},{"damage":0.0,"enemies":"3 Sentries","floor":8.0,"turns":2.0},{"damage":11.0,"enemies":"Small Slimes","floor":12.0,"turns":4.0},{"damage":37.0,"enemies":"Lagavulin","floor":14.0,"turns":7.0},{"damage":36.0,"enemies":"Hexaghost","floor":16.0,"turns":8.0},{"damage":12.0,"enemies":"Spheric Guardian","floor":18.0,"turns":1.0},{"damage":18.0,"enemies":"3 Byrds","floor":19.0,"turns":2.0},{"damage":18.0,"enemies":"Snecko","floor":21.0,"turns":3.0},{"damage":18.0,"enemies":"3 Cultists","floor":22.0,"turns":3.0},{"damage":42.0,"enemies":"Book of Stabbing","floor":23.0,"turns":4.0},{"damage":18.0,"enemies":"Chosen and Byrds","floor":28.0,"turns":3.0},{"damage":47,"enemies":"Slavers","floor":29,"turns":3},{"damage":18,"enemies":"Snake Plant","floor":30,"turns":2},{"damage":18,"enemies":"3 Cultists","floor":31,"turns":2},{"damage":47,"enemies":"Automaton","floor":33,"turns":6}],"seed_played":"3637409130036477424","potions_obtained":[{"floor":12.0,"key":"SteroidPotion"},{"floor":16.0,"key":"Dexterity Potion"},{"floor":18.0,"key":"AttackPotion"}],"is_trial":false,"path_per_floor":["M","?","?","$","M","R","?","E","T","?","R","M","R","E","R","B",null,"M","M","$","M","M","E","R","?","T","R","M","E","M","M","R","B"],"character_chosen":"IRONCLAD","items_purchased":["Blood for Blood+1","Feel No Pain","Dual Wield","War Paint"],"campfire_rested":0,"item_purchase_floors":[4,20,20,20],"current_hp_per_floor":[74,74,56,56,62,62,36,42,42,42,42,47,47,23,23,9,59,63,63,63,69,75,48,48,48,48,48,51,32,38,50,50,21],"gold":367,"neow_bonus":"THREE_ENEMY_KILL","is_prod":false,"is_daily":false,"chose_seed":false,"campfire_upgraded":4,"win_rate":0,"timestamp":1562047267,"path_taken":["M","?","?","$","M","R","?","E","T","?","R","M","R","E","R","BOSS","M","M","$","M","M","E","R","?","T","R","M","E","?","M","R","BOSS"],"build_version":"2019-07-01","purchased_purges":1,"victory":false,"max_hp_per_floor":[75,75,75,75,75,75,75,75,75,75,75,75,75,75,75,75,75,75,75,75,75,75,75,75,75,75,75,75,75,75,75,75,75],"card_choices":[{"not_picked":["Heavy Blade","Perfected Strike","Clash"],"picked":"SKIP","floor":1.0},{"not_picked":["Flex","Entrench","Thunderclap+1"],"picked":"SKIP","floor":5.0},{"not_picked":["Shockwave","Cleave+1"],"picked":"Reaper+1","floor":8.0},{"not_picked":["Burning Pact","Anger+1"],"picked":"Feel No Pain","floor":12.0},{"not_picked":["Body Slam+1","Clothesline+1"],"picked":"Offering","floor":14.0},{"not_picked":["Impervious","Dark Embrace"],"picked":"Offering","floor":16.0},{"not_picked":["Sentinel","Shrug It Off"],"picked":"Body Slam+1","floor":18.0},{"not_picked":["Havoc","Bloodletting"],"picked":"Pommel Strike+1","floor":19.0},{"not_picked":["Iron Wave+1","Wild Strike+1"],"picked":"True Grit","floor":21.0},{"not_picked":["Thunderclap+1","Infernal Blade"],"picked":"Whirlwind+1","floor":22.0},{"not_picked":["Shrug It Off","Whirlwind+1","Intimidate"],"picked":"SKIP","floor":23.0},{"not_picked":["Heavy Blade+1","Anger+1"],"picked":"Shrug It Off","floor":28.0},{"not_picked":["Blood for Blood+1","Cleave+1","Wild Strike+1"],"picked":"SKIP","floor":29},{"not_picked":["Uppercut+1","Flame Barrier","Rupture"],"picked":"SKIP","floor":30},{"not_picked":["Flame Barrier","Rupture"],"picked":"Uppercut+1","floor":30},{"not_picked":["Clash+1","Berserk","Anger+1"],"picked":"SKIP","floor":31},{"not_picked":["Clash+1","Anger+1"],"picked":"Berserk","floor":31}],"player_experience":896530,"relics_obtained":[{"floor":8.0,"key":"Peace Pipe"},{"floor":9.0,"key":"The Courier"},{"floor":14.0,"key":"Ginger"},{"floor":23.0,"key":"Bottled Tornado"},{"floor":29,"key":"Bird Faced Urn"}],"event_choices":[{"damage_healed":0.0,"max_hp_gain":0.0,"max_hp_loss":0.0,"gold_gain":0.0,"event_name":"Big Fish","player_choice":"Box","floor":2.0,"gold_loss":0.0,"damage_taken":0.0,"relics_obtained":["Shuriken"],"cards_obtained":["Regret"]},{"damage_healed":0.0,"max_hp_gain":0.0,"max_hp_loss":0.0,"gold_gain":0.0,"event_name":"Scrap Ooze","player_choice":"Success","floor":3.0,"gold_loss":0.0,"damage_taken":18.0,"relics_obtained":["Molten Egg 2"]},{"damage_healed":0.0,"max_hp_gain":0.0,"max_hp_loss":0.0,"gold_gain":0.0,"event_name":"Golden Idol","player_choice":"Take Damage","floor":7.0,"gold_loss":0.0,"damage_taken":26.0,"relics_obtained":["Golden Idol"]},{"damage_healed":0.0,"max_hp_gain":0.0,"max_hp_loss":0.0,"gold_gain":150.0,"event_name":"Liars Game","player_choice":"AGREE","floor":10.0,"gold_loss":0.0,"damage_taken":0.0,"cards_obtained":["Doubt"]},{"cards_removed":["Defend_R"],"damage_healed":0.0,"max_hp_gain":0.0,"max_hp_loss":0.0,"gold_gain":0.0,"event_name":"Bonfire Elementals","player_choice":"Offered Basic","floor":25.0,"gold_loss":0.0,"damage_taken":0.0}],"is_beta":false,"boss_relics":[{"not_picked":["Sozu","Ectoplasm"],"picked":"Astrolabe"}],"items_purged_floors":[4],"is_endless":false,"potions_floor_spawned":[12,16,18,21,23,28],"killed_by":"Automaton","ascension_level":20}