{"gold_per_floor":[18,18,44,44,44,44,61,94,94,129,129,147,182,202,202,276,276,288,288,298,298,213,213,229,257,257,271,271,300,300,9,9,83,83,99,99,79,94,12,40,40,53,79,104,83,94,94,44,44,44,44],"floor_reached":51,"playtime":2068,"items_purged":["Brutality","Immolate+1"],"score":1568,"play_id":"bc69a1e0-b5c0-4d3f-875a-ff7bdd4181f4","local_time":"20190622140922","is_ascension_mode":true,"campfire_choices":[{"data":"Demon Form","floor":6.0,"key":"SMITH"},{"data":"Shrug It Off","floor":11.0,"key":"SMITH"},{"data":"Immolate","floor":15.0,"key":"SMITH"},{"data":"Whirlwind","floor":23.0,"key":"SMITH"},{"floor":32.0,"key":"REST"},{"floor":41.0,"key":"REST"},{"data":"Barricade","floor":47.0,"key":"SMITH"},{"floor":49.0,"key":"RECALL"}],"neow_cost":"NO_GOLD","seed_source_timestamp":393034284700,"circlet_count":0,"master_deck":["AscendersBane","Defend_R","Defend_R+1","Defend_R","Defend_R","Thunderclap+1","Demon Form+1","Anger","Shrug It Off+1","Ghostly Armor","Whirlwind+1","Feed+1","Heavy Blade","Burning Pact","Seeing Red+1","Sword Boomerang+1","Barricade+1","Entrench+1","Feel No Pain","Limit Break","Body Slam+1","Disarm"],"special_seed":0,"relics":["Burning Blood","Oddly Smooth Stone","Dream Catcher","Magic Flower","Torii","Bottled Tornado","Mark of Pain","Centennial Puzzle","Shovel","Mercury Hourglass","Kunai","Membership Card","Juzu Bracelet","Sozu","FossilizedHelix","Blood Vial","Whetstone"],"potions_floor_usage":[51],"damage_taken":[{"damage":2.0,"enemies":"Cultist","floor":1.0,"turns":4.0},{"damage":0.0,"enemies":"Jaw Worm","floor":7.0,"turns":3.0},{"damage":0.0,"enemies":"Lagavulin","floor":8.0,"turns":5.0},{"damage":32.0,"enemies":"Gremlin Nob","floor":10.0,"turns":4.0},{"damage":0.0,"enemies":"2 Louse","floor":12.0,"turns":3.0},{"damage":20.0,"enemies":"3 Sentries","floor":13.0,"turns":5.0},{"damage":7.0,"enemies":"Large Slime","floor":14.0,"turns":6.0},{"damage":13.0,"enemies":"Slime Boss","floor":16.0,"turns":6.0},{"damage":19.0,"enemies":"Spheric Guardian","floor":18.0,"turns":4.0},{"damage":8.0,"enemies":"2 Thieves","floor":20.0,"turns":4.0},{"damage":1.0,"enemies":"Snecko","floor":24.0,"turns":5.0},{"damage":52.0,"enemies":"Book of Stabbing","floor":25.0,"turns":5.0},{"damage":1.0,"enemies":"Centurion and Healer","floor":27.0,"turns":5.0},{"damage":18.0,"enemies":"Gremlin Leader","floor":29.0,"turns":6.0},{"damage":10.0,"enemies":"Automaton","floor":33.0,"turns":6.0},{"damage":29.0,"enemies":"Orb Walker","floor":35.0,"turns":5.0},{"damage":1.0,"enemies":"3 Darklings","floor":38.0,"turns":2.0},{"damage":42.0,"enemies":"Reptomancer","floor":40.0,"turns":6.0},{"damage":1.0,"enemies":"Maw","floor":42.0,"turns":9.0},{"damage":22.0,"enemies":"Giant Head","floor":44.0,"turns":6.0},{"damage":1.0,"enemies":"Sphere and 2 Shapes","floor":46.0,"turns":7.0},{"damage":70.0,"enemies":"Awakened One","floor":50.0,"turns":9.0},{"damage":34,"enemies":"Donu and Deca","floor":51,"turns":4}],"seed_played":"3741710620354805031","potions_obtained":[{"floor":7.0,"key":"PowerPotion"},{"floor":13.0,"key":"Fruit Juice"},{"floor":14.0,"key":"Regen Potion"},{"floor":24.0,"key":"Energy Potion"},{"floor":25.0,"key":"AttackPotion"},{"floor":29.0,"key":"Strength Potion"},{"floor":33.0,"key":"PowerPotion"}],"is_trial":false,"path_per_floor":["M","?","T","?","?","R","M","E","T","E","R","M","E","M","R","B",null,"M","?","M","?","?","R","M","E","T","M","T","E","?","$","R","B",null,"M","?","?","M","$","E","R","M","T","E","$","M","R","$","R","B","B"],"character_chosen":"IRONCLAD","items_purchased":["Membership Card","Juzu Bracelet","Feel No Pain","Disarm"],"campfire_rested":2,"item_purchase_floors":[31,31,39,45],"current_hp_per_floor":[72,49,49,42,42,42,48,54,54,31,31,40,34,36,36,54,74,69,69,75,50,50,50,58,15,15,28,28,24,24,24,53,52,86,66,66,66,74,74,41,70,78,78,68,68,85,85,85,85,27,0],"gold":44,"neow_bonus":"TRANSFORM_TWO_CARDS","is_prod":false,"is_daily":false,"chose_seed":false,"campfire_upgraded":5,"win_rate":0,"timestamp":1561180162,"path_taken":["M","?","?","?","?","R","M","E","T","E","R","?","E","M","R","BOSS","M","?","?","?","?","R","M","E","T","?","?","E","?","$","R","BOSS","M","?","?","M","$","E","R","M","T","E","?","M","R","?","R","BOSS","BOSS"],"build_version":"2019-01-23","purchased_purges":2,"victory":false,"max_hp_per_floor":[75,75,75,75,75,75,75,75,75,75,75,75,80,80,80,80,80,83,83,86,91,91,91,91,91,91,94,94,97,97,97,97,97,97,97,97,97,97,97,97,97,97,97,97,97,101,101,101,101,101,101],"card_choices":[{"not_picked":["Pummel","Flame Barrier"],"picked":"Anger","floor":1.0},{"not_picked":["Wild Strike","Flex"],"picked":"Shrug It Off","floor":7.0},{"not_picked":["Cleave","Flex","Bloodletting"],"picked":"SKIP","floor":8.0},{"not_picked":["Flame Barrier","Perfected Strike"],"picked":"Ghostly Armor","floor":10.0},{"not_picked":["Metallicize","Uppercut"],"picked":"Immolate","floor":12.0},{"not_picked":["Heavy Blade","Sever Soul"],"picked":"Whirlwind","floor":13.0},{"not_picked":["Clothesline","Shrug It Off","True Grit"],"picked":"SKIP","floor":14.0},{"not_picked":["Berserk","Juggernaut"],"picked":"Feed","floor":16.0},{"not_picked":["Thunderclap","Seeing Red"],"picked":"Heavy Blade","floor":18.0},{"not_picked":["Cleave","Flex"],"picked":"Burning Pact","floor":20.0},{"not_picked":["Second Wind","Flex+1"],"picked":"Seeing Red+1","floor":24.0},{"not_picked":["Body Slam","Entrench","Combust"],"picked":"SKIP","floor":25.0},{"not_picked":["Hemokinesis","Havoc","Metallicize+1"],"picked":"SKIP","floor":27.0},{"not_picked":["Fiend Fire","Pommel Strike"],"picked":"Sword Boomerang+1","floor":29.0},{"not_picked":["Brutality","Impervious"],"picked":"Barricade","floor":33.0},{"not_picked":["Cleave","Anger","Iron Wave"],"picked":"SKIP","floor":35.0},{"not_picked":["Pummel","Pommel Strike"],"picked":"Entrench+1","floor":38.0},{"not_picked":["Demon Form","Rupture"],"picked":"Limit Break","floor":40.0},{"not_picked":["Sever Soul+1","Twin Strike"],"picked":"Body Slam+1","floor":42.0},{"not_picked":["Armaments","Twin Strike","Iron Wave"],"picked":"SKIP","floor":44.0},{"not_picked":["True Grit","Twin Strike+1","Havoc+1"],"picked":"SKIP","floor":46.0}],"player_experience":735988,"relics_obtained":[{"floor":3.0,"key":"Oddly Smooth Stone"},{"floor":8.0,"key":"Dream Catcher"},{"floor":9.0,"key":"Magic Flower"},{"floor":10.0,"key":"Torii"},{"floor":13.0,"key":"Bottled Tornado"},{"floor":25.0,"key":"Shovel"},{"floor":28.0,"key":"Mercury Hourglass"},{"floor":29.0,"key":"Kunai"},{"floor":40.0,"key":"FossilizedHelix"},{"floor":43.0,"key":"Blood Vial"},{"floor":44.0,"key":"Whetstone"}],"event_choices":[{"damage_healed":0.0,"max_hp_gain":0.0,"max_hp_loss":0.0,"gold_gain":0.0,"event_name":"Shining Light","player_choice":"Entered Light","floor":2.0,"gold_loss":0.0,"damage_taken":23.0,"cards_upgraded":["Strike_R","Defend_R"]},{"cards_removed":["Strike_R"],"damage_healed":0.0,"max_hp_gain":0.0,"max_hp_loss":0.0,"gold_gain":0.0,"event_name":"Golden Wing","player_choice":"Card Removal","floor":4.0,"gold_loss":0.0,"damage_taken":7.0},{"damage_healed":0.0,"max_hp_gain":0.0,"max_hp_loss":0.0,"gold_gain":0.0,"event_name":"Liars Game","player_choice":"Ignored","floor":5.0,"gold_loss":0.0,"damage_taken":0.0},{"cards_removed":["Strike_R"],"damage_healed":0.0,"max_hp_gain":0.0,"max_hp_loss":0.0,"gold_gain":0.0,"event_name":"Purifier","player_choice":"Purged","floor":19.0,"gold_loss":0.0,"damage_taken":0.0},{"damage_healed":0.0,"max_hp_gain":5.0,"max_hp_loss":0.0,"gold_gain":0.0,"event_name":"Forgotten Altar","player_choice":"Shed Blood","floor":21.0,"gold_loss":0.0,"damage_taken":30.0},{"damage_healed":0.0,"max_hp_gain":0.0,"max_hp_loss":0.0,"gold_gain":0.0,"event_name":"Addict","player_choice":"Obtained Relic","floor":22.0,"gold_loss":85.0,"damage_taken":0.0,"relics_obtained":["Centennial Puzzle"]},{"cards_removed":["Strike_R"],"damage_healed":0.0,"max_hp_gain":0.0,"max_hp_loss":0.0,"gold_gain":0.0,"event_name":"Back to Basics","player_choice":"Elegance","floor":30.0,"gold_loss":0.0,"damage_taken":0.0},{"damage_healed":0.0,"max_hp_gain":0.0,"max_hp_loss":0.0,"gold_gain":0.0,"cards_transformed":["Bash"],"event_name":"Transmorgrifier","player_choice":"Transformed","floor":36.0,"gold_loss":0.0,"damage_taken":0.0,"cards_obtained":["Brutality"]},{"damage_healed":0.0,"max_hp_gain":0.0,"max_hp_loss":0.0,"gold_gain":0.0,"event_name":"The Woman in Blue","player_choice":"Bought 1 Potion","floor":37.0,"gold_loss":0.0,"damage_taken":0.0}],"is_beta":false,"boss_relics":[{"not_picked":["Velvet Choker","Ectoplasm"],"picked":"Mark of Pain"},{"not_picked":["Pandora\u0027s Box","Philosopher\u0027s Stone"],"picked":"Sozu"}],"items_purged_floors":[39,48],"is_endless":false,"potions_floor_spawned":[7,13,14,24,25,27,29,33,42,44],"killed_by":"Donu and Deca","ascension_level":20}