{"gold_per_floor":[18,34,34,34,54,54,94,109,190,205,205,205,276,297,297,390,390,413,413,426,178,178,211,211,211],"floor_reached":25,"playtime":786,"items_purged":["Bash"],"score":462,"play_id":"1aa915c7-73e1-42c3-8f44-7e0c5714d9c8","local_time":"20190730191503","is_ascension_mode":true,"campfire_choices":[{"data":"Bludgeon","floor":6,"key":"SMITH"},{"floor":15,"key":"REST"},{"floor":24,"key":"REST"}],"neow_cost":"NO_GOLD","seed_source_timestamp":963785751465100,"circlet_count":0,"master_deck":["AscendersBane","Defend_R","Defend_R","Defend_R","Defend_R","Bludgeon+1","Flame Barrier","Inflame","Pommel Strike","Disarm","Shockwave","Dropkick","Second Wind","Impervious","Combust+1","Juggernaut+1","Headbutt+1","Power Through","Evolve","True Grit"],"relics":["Burning Blood","Golden Idol","StoneCalendar","Mercury Hourglass","Tiny Chest","Astrolabe","Nilry\u0027s Codex","Vajra","Sundial","Dodecahedron"],"potions_floor_usage":[13,23],"damage_taken":[{"damage":12,"enemies":"Jaw Worm","floor":1,"turns":2},{"damage":1,"enemies":"2 Louse","floor":2,"turns":4},{"damage":0,"enemies":"Cultist","floor":5,"turns":2},{"damage":15,"enemies":"3 Sentries","floor":7,"turns":6},{"damage":15,"enemies":"3 Louse","floor":8,"turns":3},{"damage":8,"enemies":"Blue Slaver","floor":10,"turns":5},{"damage":6,"enemies":"Lagavulin","floor":13,"turns":7},{"damage":5,"enemies":"Exordium Wildlife","floor":14,"turns":5},{"damage":24,"enemies":"Slime Boss","floor":16,"turns":8},{"damage":4,"enemies":"3 Byrds","floor":18,"turns":3},{"damage":11,"enemies":"Spheric Guardian","floor":20,"turns":5},{"damage":29,"enemies":"Gremlin Leader","floor":23,"turns":7},{"damage":30,"enemies":"Book of Stabbing","floor":25,"turns":4}],"seed_played":"755411410025686947","potions_obtained":[{"floor":5,"key":"SkillPotion"},{"floor":8,"key":"Weak Potion"},{"floor":10,"key":"PowerPotion"},{"floor":20,"key":"Strength Potion"},{"floor":23,"key":"FearPotion"}],"is_trial":false,"path_per_floor":["M","M","?","?","M","R","E","M","T","M","?","?","E","M","R","B",null,"M","?","M","$","T","E","R","E"],"character_chosen":"IRONCLAD","items_purchased":["Vajra"],"campfire_rested":2,"item_purchase_floors":[21],"current_hp_per_floor":[62,67,41,41,47,47,38,29,29,27,20,15,15,16,38,20,61,63,42,37,37,37,14,36,6],"gold":211,"neow_bonus":"THREE_RARE_CARDS","is_prod":false,"is_daily":false,"chose_seed":false,"campfire_upgraded":1,"win_rate":0,"timestamp":1564481703,"path_taken":["M","M","?","?","?","R","E","M","T","M","?","?","E","M","R","BOSS","M","?","M","$","?","E","R","E"],"build_version":"2019-07-17","purchased_purges":1,"victory":false,"max_hp_per_floor":[75,75,75,75,75,75,75,75,75,75,75,75,75,75,75,75,75,75,75,75,75,75,75,75,75],"card_choices":[{"not_picked":["Offering","Brutality"],"picked":"Bludgeon","floor":0},{"not_picked":["Pommel Strike","Power Through"],"picked":"Flame Barrier","floor":1},{"not_picked":["Sentinel","Perfected Strike"],"picked":"Inflame","floor":2},{"not_picked":["Pommel Strike","Pummel","Intimidate"],"picked":"SKIP","floor":5},{"not_picked":["Pummel","Intimidate"],"picked":"Pommel Strike","floor":5},{"not_picked":["Rampage","Sentinel"],"picked":"Disarm","floor":7},{"not_picked":["Havoc","Cleave","Infernal Blade"],"picked":"SKIP","floor":8},{"not_picked":["Reckless Charge","Anger"],"picked":"Shockwave","floor":10},{"not_picked":["Havoc","Infernal Blade"],"picked":"Dropkick","floor":13},{"not_picked":["Wild Strike","Clothesline"],"picked":"Second Wind","floor":14},{"not_picked":["Juggernaut","Double Tap"],"picked":"Impervious","floor":16},{"not_picked":["Havoc","Sever Soul"],"picked":"Power Through","floor":18},{"not_picked":["Armaments","Sword Boomerang"],"picked":"Evolve","floor":20},{"not_picked":["Entrench","Reckless Charge"],"picked":"True Grit","floor":23}],"player_experience":1305671,"relics_obtained":[{"floor":7,"key":"StoneCalendar"},{"floor":9,"key":"Mercury Hourglass"},{"floor":13,"key":"Tiny Chest"},{"floor":19,"key":"Nilry\u0027s Codex"},{"floor":22,"key":"Sundial"},{"floor":23,"key":"Dodecahedron"}],"event_choices":[{"damage_healed":0,"gold_gain":0,"player_choice":"Take Damage","damage_taken":26,"relics_obtained":["Golden Idol"],"max_hp_gain":0,"max_hp_loss":0,"event_name":"Golden Idol","floor":3,"gold_loss":0},{"cards_removed":["Strike_R"],"damage_healed":0,"gold_gain":0,"player_choice":"Offered Basic","damage_taken":0,"max_hp_gain":0,"max_hp_loss":0,"event_name":"Bonfire Elementals","floor":4,"gold_loss":0},{"cards_removed":["Strike_R"],"damage_healed":0,"gold_gain":0,"player_choice":"Card Removal","damage_taken":7,"max_hp_gain":0,"max_hp_loss":0,"event_name":"Golden Wing","floor":11,"gold_loss":0},{"damage_healed":0,"gold_gain":0,"player_choice":"Fled","damage_taken":5,"max_hp_gain":0,"max_hp_loss":0,"event_name":"Scrap Ooze","floor":12,"gold_loss":0},{"damage_healed":0,"gold_gain":0,"player_choice":"Obtained Book","damage_taken":21,"max_hp_gain":0,"max_hp_loss":0,"event_name":"Cursed Tome","floor":19,"gold_loss":0}],"is_beta":false,"boss_relics":[{"not_picked":["White Beast Statue","Runic Cube"],"picked":"Astrolabe"}],"items_purged_floors":[21],"is_endless":false,"potions_floor_spawned":[5,8,10,20,23],"killed_by":"Book of Stabbing","ascension_level":20}