{"gold_per_floor":[359,359,375,375,395,395,320,355,367,379,402,78,104,29,29,29],"floor_reached":16,"playtime":364,"items_purged":["Strike_R"],"score":216,"play_id":"e5bd382b-720d-4b76-9e2f-19d397ae9e62","local_time":"20190612194846","is_ascension_mode":true,"campfire_choices":[{"data":"Shockwave","floor":6,"key":"SMITH"},{"floor":10,"key":"DIG"},{"data":"1","floor":15,"key":"LIFT"}],"neow_cost":"TEN_PERCENT_HP_LOSS","seed_source_timestamp":367186694802700,"circlet_count":0,"master_deck":["AscendersBane","Strike_R","Strike_R","Strike_R","Defend_R","Defend_R","Defend_R","Defend_R","Bash","Anger","Shockwave+1","Feed","Sword Boomerang"],"relics":["Burning Blood","Shovel","MawBank","StoneCalendar","Strawberry","Red Skull","Pen Nib","Girya"],"potions_floor_usage":[16],"damage_taken":[{"damage":9,"enemies":"Jaw Worm","floor":1,"turns":3},{"damage":20,"enemies":"Small Slimes","floor":3,"turns":3},{"damage":0,"enemies":"Cultist","floor":5,"turns":3},{"damage":42,"enemies":"Gremlin Nob","floor":8,"turns":5},{"damage":3,"enemies":"Looter","floor":11,"turns":4},{"damage":20,"enemies":"Lagavulin","floor":13,"turns":7},{"damage":17,"enemies":"Slime Boss","floor":16,"turns":5}],"seed_played":"-2604561500400834486","potions_obtained":[{"floor":3,"key":"SpeedPotion"},{"floor":8,"key":"Poison Potion"}],"is_trial":false,"path_per_floor":["M","?","M","?","M","R","?","E","T","R","M","$","E","$","R","B"],"character_chosen":"IRONCLAD","items_purchased":["Red Skull","Pen Nib"],"campfire_rested":0,"item_purchase_floors":[12,12],"current_hp_per_floor":[65,60,46,68,68,68,68,32,32,39,42,42,28,28,28,11],"gold":29,"neow_bonus":"TWO_FIFTY_GOLD","is_prod":false,"is_daily":false,"chose_seed":false,"campfire_upgraded":1,"win_rate":0,"timestamp":1560336526,"path_taken":["M","?","M","?","M","R","?","E","T","R","?","?","E","$","R","BOSS"],"build_version":"2019-01-23","purchased_purges":1,"victory":false,"max_hp_per_floor":[68,68,68,68,68,68,68,68,68,75,75,75,75,75,75,75],"card_choices":[{"not_picked":["Warcry","True Grit"],"picked":"Anger","floor":1},{"not_picked":["Headbutt","Armaments"],"picked":"Shockwave","floor":3},{"not_picked":["Burning Pact","Entrench","Cleave"],"picked":"SKIP","floor":5},{"not_picked":["Fire Breathing","Iron Wave","Blood for Blood"],"picked":"SKIP","floor":8},{"not_picked":["Bloodletting","Armaments"],"picked":"Feed","floor":11},{"not_picked":["Berserk","Dropkick"],"picked":"Sword Boomerang","floor":13}],"player_experience":614999,"relics_obtained":[{"floor":8,"key":"MawBank"},{"floor":9,"key":"StoneCalendar"},{"floor":10,"key":"Strawberry"},{"floor":13,"key":"Girya"}],"event_choices":[{"damage_healed":0,"gold_gain":0,"player_choice":"Success","damage_taken":5,"relics_obtained":["Shovel"],"max_hp_gain":0,"max_hp_loss":0,"event_name":"Scrap Ooze","floor":2,"gold_loss":0},{"damage_healed":22,"gold_gain":0,"player_choice":"Banana","damage_taken":0,"max_hp_gain":0,"max_hp_loss":0,"event_name":"Big Fish","floor":4,"gold_loss":0},{"cards_removed":["Strike_R"],"damage_healed":0,"gold_gain":0,"player_choice":"Card Removal","damage_taken":0,"max_hp_gain":0,"max_hp_loss":0,"event_name":"The Cleric","floor":7,"gold_loss":75}],"is_beta":false,"boss_relics":[],"items_purged_floors":[14],"is_endless":false,"potions_floor_spawned":[3,8],"killed_by":"Slime Boss","ascension_level":20}