{"gold_per_floor":[109,109,109,170,220,220,254,254,303,337,398,448,461,78,78,157,157,173,223,308,120,132,159,159,209,284,284,300,368,394,444,444,444],"floor_reached":33,"playtime":3189,"items_purged":["Strike_G"],"score":562,"play_id":"ce3f24be-5e7c-497a-87b8-71e19a2e5b58","local_time":"20190513142812","is_ascension_mode":true,"campfire_choices":[{"data":"Blade Dance","floor":6,"key":"SMITH"},{"data":"Backstab","floor":8,"key":"SMITH"},{"data":"Well Laid Plans","floor":15,"key":"SMITH"},{"data":"A Thousand Cuts","floor":24,"key":"SMITH"},{"data":"Accuracy","floor":27,"key":"SMITH"},{"data":"Catalyst","floor":32,"key":"SMITH"}],"neow_cost":"NONE","seed_source_timestamp":96924660850700,"circlet_count":0,"master_deck":["AscendersBane","Defend_G","Defend_G","Defend_G","Defend_G+1","Defend_G","Strike_G","Survivor","Neutralize+1","PiercingWail+1","Blade Dance+1","Backstab+1","Well Laid Plans+1","A Thousand Cuts+1","Storm of Steel+1","Backstab+1","Corpse Explosion+1","Poisoned Stab","Ghostly","Ghostly","Ghostly","Ghostly","Ghostly","Cloak And Dagger","Secret Technique","Accuracy+1","Deflect","Catalyst+1","Dodge and Roll","Adrenaline","Backflip"],"relics":["Ring of the Snake","NeowsBlessing","SsserpentHead","War Paint","Smiling Mask","Ginger","The Courier","Ice Cream","Astrolabe","Red Mask","Bottled Tornado","Potion Belt","Matryoshka","Tough Bandages"],"potions_floor_usage":[10,16,16,23,30,30],"damage_taken":[{"damage":0,"enemies":"Small Slimes","floor":1,"turns":1},{"damage":0,"enemies":"2 Louse","floor":4,"turns":1},{"damage":0,"enemies":"Lagavulin","floor":7,"turns":1},{"damage":6,"enemies":"3 Sentries","floor":10,"turns":8},{"damage":0,"enemies":"Cultist","floor":11,"turns":4},{"damage":0,"enemies":"2 Fungi Beasts","floor":13,"turns":3},{"damage":11,"enemies":"The Guardian","floor":16,"turns":15},{"damage":8,"enemies":"Chosen","floor":18,"turns":4},{"damage":2,"enemies":"Masked Bandits","floor":20,"turns":4},{"damage":2,"enemies":"Spheric Guardian","floor":22,"turns":6},{"damage":5,"enemies":"Book of Stabbing","floor":23,"turns":7},{"damage":5,"enemies":"Centurion and Healer","floor":28,"turns":4},{"damage":0,"enemies":"3 Cultists","floor":29,"turns":2},{"damage":1,"enemies":"Gremlin Leader","floor":30,"turns":6},{"damage":1,"enemies":"Champ","floor":33,"turns":6}],"seed_played":"5018004588900442741","potions_obtained":[{"floor":4,"key":"SteroidPotion"},{"floor":16,"key":"Block Potion"},{"floor":22,"key":"SteroidPotion"},{"floor":28,"key":"Poison Potion"},{"floor":29,"key":"Ancient Potion"}],"is_trial":false,"path_per_floor":["M","?","?","M","?","R","E","R","T","E","M","?","M","$","R","B",null,"M","?","?","$","M","E","R","T","T","R","M","M","E","?","R","B"],"character_chosen":"THE_SILENT","items_purchased":["Ice Cream","Well Laid Plans","SteroidPotion","FearPotion","Secret Technique"],"campfire_rested":0,"item_purchase_floors":[14,14,14,14,21],"current_hp_per_floor":[59,59,59,59,59,59,59,59,59,53,53,46,46,46,46,35,58,50,33,31,31,29,24,24,24,24,24,19,19,18,18,18,17],"gold":444,"neow_bonus":"THREE_ENEMY_KILL","is_prod":false,"is_daily":false,"chose_seed":false,"campfire_upgraded":6,"win_rate":0,"timestamp":1557750492,"path_taken":["M","?","?","?","?","R","E","R","T","E","?","?","M","$","R","BOSS","M","?","?","$","M","E","R","?","T","R","M","?","E","?","R","BOSS"],"build_version":"2019-01-23","purchased_purges":1,"victory":false,"max_hp_per_floor":[66,66,66,66,66,66,66,66,66,66,66,66,66,66,66,66,66,66,33,33,33,33,33,33,33,33,33,33,33,33,33,33,33],"card_choices":[{"not_picked":["Blade Dance","Accuracy"],"picked":"PiercingWail","floor":1},{"not_picked":["Backflip","Acrobatics"],"picked":"Blade Dance","floor":4},{"not_picked":["Envenom","Slice"],"picked":"Backstab","floor":7},{"not_picked":["After Image","Venomology"],"picked":"A Thousand Cuts","floor":16},{"not_picked":["Finisher","Deadly Poison"],"picked":"Poisoned Stab","floor":18},{"not_picked":["Calculated Gamble","Deflect"],"picked":"Cloak And Dagger","floor":20},{"not_picked":["Caltrops","Poisoned Stab"],"picked":"Accuracy","floor":22},{"not_picked":["Underhanded Strike","Dash"],"picked":"Deflect","floor":23},{"not_picked":["Dagger Spray","Deadly Poison"],"picked":"Catalyst","floor":28},{"not_picked":["Flying Knee","Finisher"],"picked":"Dodge and Roll","floor":29},{"not_picked":["Dodge and Roll","Underhanded Strike+1"],"picked":"Adrenaline","floor":30}],"player_experience":844377,"relics_obtained":[{"floor":7,"key":"War Paint"},{"floor":9,"key":"Smiling Mask"},{"floor":10,"key":"Ginger"},{"floor":20,"key":"Red Mask"},{"floor":23,"key":"Bottled Tornado"},{"floor":25,"key":"Potion Belt"},{"floor":26,"key":"Matryoshka"},{"floor":30,"key":"Tough Bandages"}],"event_choices":[{"damage_healed":0,"gold_gain":0,"player_choice":"Ignored","damage_taken":0,"max_hp_gain":0,"max_hp_loss":0,"event_name":"Golden Wing","floor":2,"gold_loss":0},{"damage_healed":0,"gold_gain":0,"player_choice":"Trade","damage_taken":0,"relics_obtained":["SsserpentHead"],"max_hp_gain":0,"max_hp_loss":0,"event_name":"FaceTrader","floor":3,"gold_loss":0},{"damage_healed":0,"gold_gain":0,"player_choice":"Forge","damage_taken":0,"max_hp_gain":0,"max_hp_loss":0,"event_name":"Accursed Blacksmith","floor":5,"gold_loss":0,"cards_upgraded":["Neutralize"]},{"damage_healed":0,"gold_gain":0,"player_choice":"Success","damage_taken":7,"relics_obtained":["The Courier"],"max_hp_gain":0,"max_hp_loss":0,"event_name":"Scrap Ooze","floor":12,"gold_loss":0},{"damage_healed":0,"gold_gain":0,"player_choice":"Became a Ghost","damage_taken":0,"max_hp_gain":0,"max_hp_loss":33,"event_name":"Ghosts","floor":19,"gold_loss":0,"cards_obtained":["Ghostly","Ghostly","Ghostly","Ghostly","Ghostly"]},{"damage_healed":0,"gold_gain":0,"player_choice":"Fought Bandits","damage_taken":0,"max_hp_gain":0,"max_hp_loss":0,"event_name":"Masked Bandits","floor":20,"gold_loss":0},{"damage_healed":0,"gold_gain":0,"player_choice":"Read","damage_taken":0,"max_hp_gain":0,"max_hp_loss":0,"event_name":"The Library","floor":31,"gold_loss":0,"cards_obtained":["Backflip"]}],"is_beta":false,"boss_relics":[{"not_picked":["Ring of the Serpent","Calling Bell"],"picked":"Astrolabe"}],"items_purged_floors":[21],"is_endless":false,"potions_floor_spawned":[4,16,22,28,29],"killed_by":"Champ","ascension_level":14}