{"gold_per_floor":[110,128,142,142,52,52,83,8,84,101,101,113,113,142,142,219,219,234,253,253,268,286,286,286,286],"floor_reached":25,"playtime":829,"items_purged":["Strike_B"],"score":476,"play_id":"ef3fb63d-c313-468c-9f27-e6df620ec86e","local_time":"20190725103320","is_ascension_mode":true,"campfire_choices":[{"data":"Loop","floor":6,"key":"SMITH"},{"data":"Multi-Cast","floor":11,"key":"SMITH"},{"floor":13,"key":"REST"},{"data":"Zap","floor":15,"key":"SMITH"},{"data":"Turbo","floor":23,"key":"SMITH"}],"neow_cost":"NONE","seed_source_timestamp":500434551442800,"circlet_count":0,"master_deck":["AscendersBane","Strike_B","Strike_B","Strike_B","Defend_B","Defend_B","Defend_B","Zap+1","Dualcast","Glacier","Turbo+1","Loop+1","Ball Lightning","Multi-Cast+1","Glacier+1","Reboot+1","Coolheaded+1","Undo+1","Hologram+1","Recycle+1"],"relics":["Cracked Core","NeowsBlessing","Centennial Puzzle","Toxic Egg 2","Bronze Scales","Sozu","CultistMask"],"potions_floor_usage":[14,16],"damage_taken":[{"damage":0,"enemies":"Cultist","floor":1,"turns":1},{"damage":0,"enemies":"Small Slimes","floor":2,"turns":1},{"damage":0,"enemies":"Jaw Worm","floor":3,"turns":1},{"damage":25,"enemies":"Gremlin Nob","floor":7,"turns":4},{"damage":1,"enemies":"Exordium Wildlife","floor":10,"turns":2},{"damage":8,"enemies":"Exordium Thugs","floor":12,"turns":5},{"damage":0,"enemies":"3 Sentries","floor":14,"turns":2},{"damage":2,"enemies":"The Guardian","floor":16,"turns":11},{"damage":0,"enemies":"Chosen","floor":18,"turns":6},{"damage":5,"enemies":"2 Thieves","floor":19,"turns":5},{"damage":2,"enemies":"Snecko","floor":21,"turns":7},{"damage":0,"enemies":"3 Cultists","floor":22,"turns":6},{"damage":44,"enemies":"Gremlin Leader","floor":25,"turns":8}],"seed_played":"5287032449338891790","potions_obtained":[{"floor":1,"key":"PowerPotion"},{"floor":3,"key":"Dexterity Potion"},{"floor":7,"key":"FocusPotion"},{"floor":14,"key":"Fire Potion"}],"is_trial":false,"path_per_floor":["M","M","M","?","$","R","E","$","T","M","R","M","R","E","R","B",null,"M","M","?","M","M","R","?","E"],"character_chosen":"DEFECT","items_purchased":["Loop","Ball Lightning"],"campfire_rested":1,"item_purchase_floors":[5,5],"current_hp_per_floor":[64,64,64,57,57,57,32,32,32,31,31,23,44,44,44,42,64,64,59,59,57,57,57,57,13],"gold":286,"neow_bonus":"THREE_ENEMY_KILL","is_prod":false,"is_daily":false,"chose_seed":false,"campfire_upgraded":4,"win_rate":0,"timestamp":1564018400,"path_taken":["M","?","M","?","?","R","E","?","T","M","R","M","R","E","R","BOSS","M","M","?","?","M","R","?","E"],"build_version":"2019-07-17","purchased_purges":1,"victory":false,"max_hp_per_floor":[71,71,71,71,71,71,71,71,71,71,71,71,71,71,71,71,71,71,71,71,71,71,71,71,71],"card_choices":[{"not_picked":["Fusion","Conserve Battery","Sweeping Beam"],"picked":"SKIP","floor":1},{"not_picked":["Streamline","Consume"],"picked":"Glacier","floor":2},{"not_picked":["Sweeping Beam","Coolheaded"],"picked":"Turbo","floor":3},{"not_picked":["Sweeping Beam","Hologram"],"picked":"Multi-Cast","floor":7},{"not_picked":["Rebound","Cold Snap","Barrage"],"picked":"SKIP","floor":10},{"not_picked":["Barrage","Steam+1","Beam Cell"],"picked":"SKIP","floor":12},{"not_picked":["Barrage","Steam+1","Beam Cell"],"picked":"SKIP","floor":12},{"not_picked":["Compile Driver","Leap+1"],"picked":"Glacier+1","floor":14},{"not_picked":["Buffer","Machine Learning"],"picked":"Reboot+1","floor":16},{"not_picked":["Hello World","Loop"],"picked":"Coolheaded+1","floor":18},{"not_picked":["Doom and Gloom+1","Chaos+1"],"picked":"Undo+1","floor":19},{"not_picked":["Compile Driver+1","Gash"],"picked":"Hologram+1","floor":21},{"not_picked":["Steam Power+1","Reinforced Body+1","Fusion+1"],"picked":"SKIP","floor":22}],"player_experience":1196777,"relics_obtained":[{"floor":7,"key":"Centennial Puzzle"},{"floor":9,"key":"Toxic Egg 2"},{"floor":14,"key":"Bronze Scales"}],"event_choices":[{"cards_removed":["Defend_B"],"damage_healed":0,"gold_gain":0,"player_choice":"Card Removal","damage_taken":7,"max_hp_gain":0,"max_hp_loss":0,"event_name":"Golden Wing","floor":4,"gold_loss":0},{"damage_healed":0,"gold_gain":0,"player_choice":"Trade","damage_taken":0,"relics_obtained":["CultistMask"],"max_hp_gain":0,"max_hp_loss":0,"event_name":"FaceTrader","floor":20,"gold_loss":0},{"damage_healed":0,"gold_gain":0,"player_choice":"Read","damage_taken":0,"max_hp_gain":0,"max_hp_loss":0,"event_name":"The Library","floor":24,"gold_loss":0,"cards_obtained":["Recycle"]}],"is_beta":false,"boss_relics":[{"not_picked":["Runic Dome","Nuclear Battery"],"picked":"Sozu"}],"items_purged_floors":[8],"is_endless":false,"potions_floor_spawned":[1,3,7,14,21],"killed_by":"Gremlin Leader","ascension_level":20}