{"gold_per_floor":[116,130,140,140,140,174,174,185,232,232,248,278,298,298],"floor_reached":14,"playtime":527,"items_purged":[],"score":204,"play_id":"71a6d87e-e702-4ad6-8006-91e9bb90512a","local_time":"20190620194508","is_ascension_mode":true,"campfire_choices":[{"data":"Bash","floor":7.0,"key":"SMITH"},{"floor":10.0,"key":"REST"}],"neow_cost":"NONE","seed_source_timestamp":80463209771000,"circlet_count":0,"master_deck":["AscendersBane","Strike_R","Strike_R","Strike_R","Defend_R","Defend_R","Defend_R","Defend_R","Bash+1","Spot Weakness","Disarm","Twin Strike","Havoc","Impervious","Whirlwind","Shockwave"],"special_seed":0,"relics":["Sozu","Shuriken","Bag of Preparation","Omamori"],"potions_floor_usage":[],"damage_taken":[{"damage":0.0,"enemies":"Cultist","floor":1.0,"turns":3.0},{"damage":7.0,"enemies":"Small Slimes","floor":2.0,"turns":3.0},{"damage":9.0,"enemies":"Jaw Worm","floor":3.0,"turns":4.0},{"damage":20.0,"enemies":"3 Sentries","floor":6.0,"turns":8.0},{"damage":0.0,"enemies":"Large Slime","floor":8.0,"turns":4.0},{"damage":10.0,"enemies":"Gremlin Gang","floor":11.0,"turns":4.0},{"damage":41.0,"enemies":"Gremlin Nob","floor":12.0,"turns":5.0},{"damage":2.0,"enemies":"Red Slaver","floor":13.0,"turns":3.0},{"damage":6,"enemies":"3 Louse","floor":14,"turns":2}],"seed_played":"1320975954012319049","potions_obtained":[],"is_trial":false,"path_per_floor":["M","M","M","?","?","E","R","M","T","R","M","E","M","M"],"character_chosen":"IRONCLAD","items_purchased":[],"campfire_rested":1,"item_purchase_floors":[],"current_hp_per_floor":[68,61,52,52,52,32,32,32,32,54,44,3,1,0],"gold":298,"neow_bonus":"BOSS_RELIC","is_prod":false,"is_daily":false,"chose_seed":false,"campfire_upgraded":1,"win_rate":0,"timestamp":1561027508,"path_taken":["M","?","M","?","?","E","R","?","T","R","M","E","M","M"],"build_version":"2019-01-23","purchased_purges":0,"victory":false,"max_hp_per_floor":[75,75,75,75,75,75,75,75,75,75,75,75,75,75],"card_choices":[{"not_picked":["Twin Strike","Ghostly Armor"],"picked":"Spot Weakness","floor":1.0},{"not_picked":["Wild Strike","Anger","Dropkick"],"picked":"SKIP","floor":2.0},{"not_picked":["Power Through","Headbutt"],"picked":"Disarm","floor":3.0},{"not_picked":["Infernal Blade","Shrug It Off"],"picked":"Impervious","floor":6.0},{"not_picked":["Flex","Clash","Uppercut"],"picked":"SKIP","floor":8.0},{"not_picked":["Combust","Heavy Blade"],"picked":"Whirlwind","floor":11.0},{"not_picked":["Havoc","Rage","Spot Weakness"],"picked":"SKIP","floor":12.0},{"not_picked":["Iron Wave","Cleave"],"picked":"Shockwave","floor":13.0}],"player_experience":718242,"relics_obtained":[{"floor":6.0,"key":"Shuriken"},{"floor":9.0,"key":"Bag of Preparation"},{"floor":12.0,"key":"Omamori"}],"event_choices":[{"damage_healed":0.0,"max_hp_gain":0.0,"max_hp_loss":0.0,"gold_gain":0.0,"cards_transformed":["Strike_R"],"event_name":"Living Wall","player_choice":"Change","floor":4.0,"gold_loss":0.0,"damage_taken":0.0,"cards_obtained":["Twin Strike"]},{"damage_healed":0.0,"max_hp_gain":0.0,"max_hp_loss":0.0,"gold_gain":0.0,"cards_transformed":["Strike_R"],"event_name":"Transmorgrifier","player_choice":"Transformed","floor":5.0,"gold_loss":0.0,"damage_taken":0.0,"cards_obtained":["Havoc"]}],"is_beta":false,"boss_relics":[],"items_purged_floors":[],"is_endless":false,"potions_floor_spawned":[2,3,6,11,13],"killed_by":"3 Louse","ascension_level":20}