{"gold_per_floor":[110,110,35,110,35,35,69,69,69,100,133,147,190,210,210,306,306,282,332,332,332,175,188,222,222,222,250,300,314,314,332,332,409,409,419,419,429,429,88,88,13,13,39,56,70,98,114,26,26,26,26,26,26,26,54,54],"floor_reached":57,"playtime":2631,"items_purged":["Strike_B","Defend_B","Strike_B"],"score":2893,"play_id":"f74cdd2b-1ac8-4216-8e79-d6a226ecc42a","local_time":"20190715184746","is_ascension_mode":true,"campfire_choices":[{"data":"Zap","floor":6,"key":"SMITH"},{"data":"Strike_B","floor":8,"key":"SMITH"},{"data":"Blizzard","floor":15,"key":"SMITH"},{"data":"Consume","floor":25,"key":"SMITH"},{"data":"Fission","floor":32,"key":"SMITH"},{"data":"Fission","floor":40,"key":"SMITH"},{"data":"Impatience","floor":42,"key":"SMITH"},{"floor":49,"key":"RECALL"},{"data":"Recycle","floor":53,"key":"SMITH"}],"neow_cost":"NONE","seed_source_timestamp":232097842092000,"circlet_count":0,"master_deck":["AscendersBane","Defend_B","Zap+1","Dualcast","Glacier","Self Repair+1","Blizzard+1","Defragment+1","Recycle+1","Chill","Core Surge+1","Turbo+1","Consume+1","Cold Snap+1","Fission+1","Self Repair+1","Fission+1","Hologram","Impatience+1","Panacea","Coolheaded","Defragment+1","Defragment+1","Heatsinks+1"],"relics":["FrozenCore","NeowsBlessing","Bloody Idol","Frozen Egg 2","Matryoshka","Cables","Pear","Orichalcum","Odd Mushroom","Kunai","Inserter","Strawberry","Ornamental Fan","Mercury Hourglass","Dodecahedron","Runic Capacitor","Whetstone","Sundial"],"potions_floor_usage":[24,56,56],"damage_taken":[{"damage":0,"enemies":"Jaw Worm","floor":1,"turns":1},{"damage":0,"enemies":"Lagavulin","floor":7,"turns":1},{"damage":0,"enemies":"3 Sentries","floor":10,"turns":1},{"damage":13,"enemies":"The Mushroom Lair","floor":11,"turns":5},{"damage":5,"enemies":"Small Slimes","floor":12,"turns":4},{"damage":14,"enemies":"Lagavulin","floor":13,"turns":6},{"damage":7,"enemies":"2 Louse","floor":14,"turns":3},{"damage":30,"enemies":"Hexaghost","floor":16,"turns":14},{"damage":13,"enemies":"2 Thieves","floor":18,"turns":4},{"damage":0,"enemies":"Spheric Guardian","floor":23,"turns":6},{"damage":51,"enemies":"Slavers","floor":24,"turns":5},{"damage":24,"enemies":"Gremlin Leader","floor":27,"turns":7},{"damage":0,"enemies":"Centurion and Healer","floor":29,"turns":8},{"damage":0,"enemies":"3 Cultists","floor":31,"turns":5},{"damage":3,"enemies":"Collector","floor":33,"turns":12},{"damage":22,"enemies":"3 Darklings","floor":35,"turns":5},{"damage":0,"enemies":"Orb Walker","floor":37,"turns":4},{"damage":0,"enemies":"Maw","floor":44,"turns":7},{"damage":0,"enemies":"3 Darklings","floor":45,"turns":3},{"damage":1,"enemies":"Nemesis","floor":46,"turns":11},{"damage":0,"enemies":"4 Shapes","floor":47,"turns":4},{"damage":0,"enemies":"Donu and Deca","floor":50,"turns":8},{"damage":12,"enemies":"Time Eater","floor":51,"turns":23},{"damage":35,"enemies":"Shield and Spear","floor":55,"turns":7},{"damage":51,"enemies":"The Heart","floor":56,"turns":12}],"seed_played":"6262788281038998783","potions_obtained":[{"floor":7,"key":"Dexterity Potion"},{"floor":12,"key":"Dexterity Potion"},{"floor":13,"key":"Weak Potion"},{"floor":29,"key":"FearPotion"},{"floor":47,"key":"GamblersBrew"}],"is_trial":false,"path_per_floor":["M","?","?","T","$","R","E","R","T","E","?","M","E","M","R","B",null,"M","?","?","?","$","M","E","R","T","E","?","M","?","M","R","B",null,"M","?","M","?","$","R","?","R","T","M","M","E","M","$","R","B","B",null,"R","$","E","B",null],"character_chosen":"DEFECT","items_purchased":["PowerPotion","Runic Capacitor","Defragment+1"],"campfire_rested":0,"item_purchase_floors":[22,39,48],"current_hp_per_floor":[64,64,64,64,64,64,64,64,74,74,71,74,70,73,73,53,69,66,66,66,66,66,74,45,45,45,36,33,48,48,63,63,81,81,81,81,81,71,71,71,71,71,76,81,81,81,81,81,81,81,81,81,81,81,71,40],"gold":54,"neow_bonus":"THREE_ENEMY_KILL","is_prod":false,"is_daily":false,"chose_seed":false,"campfire_upgraded":8,"win_rate":0,"timestamp":1563184066,"path_taken":["M","?","?","?","?","R","E","R","T","E","?","M","E","M","R","BOSS","M","?","?","?","$","M","E","R","T","E","?","?","?","M","R","BOSS","M","?","?","?","$","R","?","R","T","M","M","E","M","$","R","BOSS","BOSS","R","$","E","BOSS"],"build_version":"2019-07-05","purchased_purges":3,"victory":true,"max_hp_per_floor":[71,64,64,64,64,64,64,64,74,74,74,74,74,74,74,74,74,74,74,74,74,74,74,81,81,81,81,81,81,81,81,81,81,81,81,81,81,81,81,81,81,81,81,81,81,81,81,81,81,81,81,81,81,81,81,81],"card_choices":[{"not_picked":["Gash","Chaos"],"picked":"Glacier","floor":1},{"not_picked":["Chill","Sweeping Beam"],"picked":"Self Repair+1","floor":7},{"not_picked":["Gash","Turbo"],"picked":"Blizzard","floor":10},{"not_picked":["Undo","Sunder"],"picked":"Defragment+1","floor":12},{"not_picked":["Conserve Battery","Streamline"],"picked":"Recycle","floor":13},{"not_picked":["Heatsinks+1","Steam"],"picked":"Chill","floor":14},{"not_picked":["Seek","Thunder Strike"],"picked":"Core Surge","floor":16},{"not_picked":["Double Energy","Hologram"],"picked":"Turbo+1","floor":18},{"not_picked":["Leap","Aggregate","Beam Cell"],"picked":"SKIP","floor":23},{"not_picked":["Streamline","Hello World+1"],"picked":"Consume","floor":24},{"not_picked":["Gash","Recycle"],"picked":"Cold Snap","floor":27},{"not_picked":["Skim","Self Repair+1"],"picked":"Fission","floor":29},{"not_picked":["Static Discharge+1","Chaos"],"picked":"Self Repair+1","floor":31},{"not_picked":["Thunder Strike","Machine Learning+1"],"picked":"Fission","floor":33},{"not_picked":["Sweeping Beam","Compile Driver"],"picked":"Hologram","floor":35},{"not_picked":["Fusion","Darkness","Aggregate"],"picked":"SKIP","floor":37},{"not_picked":["Trip","Enlightenment"],"picked":"Impatience","floor":38},{"not_picked":["The Bomb","Mind Blast"],"picked":"Panacea","floor":38},{"not_picked":["Go for the Eyes","Cold Snap"],"picked":"Coolheaded","floor":44},{"not_picked":["Sunder","Self Repair+1"],"picked":"Defragment+1","floor":45},{"not_picked":["Heatsinks+1","Gash+1","Leap+1"],"picked":"SKIP","floor":46},{"not_picked":["Rip and Tear","Ball Lightning","Skim"],"picked":"SKIP","floor":47},{"not_picked":["Redo","Rebound"],"picked":"Heatsinks+1","floor":55}],"player_experience":1046358,"relics_obtained":[{"floor":4,"key":"Frozen Egg 2"},{"floor":7,"key":"Matryoshka"},{"floor":9,"key":"Cables"},{"floor":9,"key":"Pear"},{"floor":10,"key":"Orichalcum"},{"floor":11,"key":"Odd Mushroom"},{"floor":13,"key":"Kunai"},{"floor":24,"key":"Strawberry"},{"floor":26,"key":"Ornamental Fan"},{"floor":26,"key":"Mercury Hourglass"},{"floor":27,"key":"Dodecahedron"},{"floor":46,"key":"Whetstone"},{"floor":55,"key":"Sundial"}],"event_choices":[{"damage_healed":0,"gold_gain":0,"player_choice":"Lose Max HP","damage_taken":0,"relics_obtained":["Golden Idol"],"max_hp_gain":0,"max_hp_loss":7,"event_name":"Golden Idol","floor":2,"gold_loss":0},{"cards_removed":["Defend_B"],"damage_healed":0,"gold_gain":0,"player_choice":"Card Removal","damage_taken":0,"max_hp_gain":0,"max_hp_loss":0,"event_name":"The Cleric","floor":3,"gold_loss":75},{"damage_healed":0,"gold_gain":0,"player_choice":"Fought Mushrooms","damage_taken":0,"max_hp_gain":0,"max_hp_loss":0,"event_name":"Mushrooms","floor":11,"gold_loss":0},{"damage_healed":0,"gold_gain":50,"player_choice":"Stole From Cult","damage_taken":0,"max_hp_gain":0,"max_hp_loss":0,"event_name":"Nest","floor":19,"gold_loss":0},{"cards_removed":["Strike_B"],"damage_healed":0,"gold_gain":0,"player_choice":"Elegance","damage_taken":0,"max_hp_gain":0,"max_hp_loss":0,"event_name":"Back to Basics","floor":20,"gold_loss":0},{"damage_healed":0,"gold_gain":0,"player_choice":"Gave Idol","damage_taken":0,"relics_obtained":["Bloody Idol"],"max_hp_gain":0,"max_hp_loss":0,"event_name":"Forgotten Altar","floor":21,"relics_lost":["Golden Idol"],"gold_loss":0},{"damage_healed":0,"gold_gain":50,"player_choice":"Touch","damage_taken":8,"max_hp_gain":0,"max_hp_loss":0,"event_name":"FaceTrader","floor":28,"gold_loss":0},{"damage_healed":0,"gold_gain":0,"player_choice":"Ignored","damage_taken":0,"max_hp_gain":0,"max_hp_loss":0,"event_name":"Ghosts","floor":30,"gold_loss":0},{"cards_removed":["Defend_B"],"damage_healed":0,"gold_gain":0,"player_choice":"Card Removal","damage_taken":0,"max_hp_gain":0,"max_hp_loss":0,"event_name":"Wheel of Change","floor":36,"gold_loss":0},{"damage_healed":0,"gold_gain":0,"player_choice":"Memory 3","damage_taken":10,"max_hp_gain":0,"max_hp_loss":0,"event_name":"SensoryStone","floor":38,"gold_loss":0},{"cards_removed":["Strike_B"],"damage_healed":0,"gold_gain":0,"player_choice":"Single Remove","damage_taken":0,"max_hp_gain":0,"max_hp_loss":0,"event_name":"Designer","floor":41,"gold_loss":75}],"is_beta":false,"boss_relics":[{"not_picked":["Runic Pyramid","Snecko Eye"],"picked":"Inserter"},{"not_picked":["White Beast Statue","Sozu"],"picked":"FrozenCore"}],"items_purged_floors":[5,22,39],"is_endless":false,"potions_floor_spawned":[7,12,13,23,29,33,37,44,45,47],"ascension_level":20}