{"gold_per_floor":[117,117,131,96,171,197,197,141,141,173,184,184,184,243,243,243],"floor_reached":16,"playtime":358,"items_purged":[],"score":262,"play_id":"e8e45071-ff97-49c6-bd00-3243a3f787e6","local_time":"20190623151734","is_ascension_mode":true,"campfire_choices":[{"data":"Zap","floor":7,"key":"SMITH"},{"data":"Turbo","floor":13,"key":"SMITH"},{"data":"Static Discharge","floor":15,"key":"SMITH"}],"neow_cost":"NONE","seed_source_timestamp":92745006345600,"circlet_count":0,"master_deck":["AscendersBane","Strike_B","Strike_B","Strike_B","Strike_B","Defend_B+1","Defend_B+1","Defend_B","Defend_B","Zap+1","Dualcast","Turbo+1","Ball Lightning","Cold Snap","Coolheaded","Static Discharge+1","Doom and Gloom+1"],"relics":["Cracked Core","NeowsBlessing","Art of War","FossilizedHelix","Molten Egg 2","Centennial Puzzle","Vajra"],"potions_floor_usage":[14],"damage_taken":[{"damage":0,"enemies":"Jaw Worm","floor":1,"turns":1},{"damage":0,"enemies":"2 Louse","floor":3,"turns":1},{"damage":0,"enemies":"Lagavulin","floor":6,"turns":1},{"damage":22,"enemies":"Gremlin Nob","floor":10,"turns":4},{"damage":1,"enemies":"Small Slimes","floor":11,"turns":3},{"damage":13,"enemies":"Lagavulin Event","floor":14,"turns":5},{"damage":0,"enemies":"Slime Boss","floor":16,"turns":3}],"seed_played":"-7045763676464340779","potions_obtained":[{"floor":6,"key":"EssenceOfSteel"},{"floor":11,"key":"Explosive Potion"}],"is_trial":false,"path_per_floor":["M","?","M","?","?","E","R","$","T","E","M","T","R","?","R","B"],"character_chosen":"DEFECT","items_purchased":["Cold Snap"],"campfire_rested":0,"item_purchase_floors":[8],"current_hp_per_floor":[64,43,43,60,49,49,49,49,49,27,26,26,26,13,13,13],"gold":243,"neow_bonus":"THREE_ENEMY_KILL","is_prod":false,"is_daily":false,"chose_seed":false,"campfire_upgraded":3,"win_rate":0,"timestamp":1561270654,"path_taken":["M","?","M","?","?","E","R","?","T","E","M","?","R","?","R","BOSS"],"build_version":"2019-01-23","purchased_purges":0,"victory":false,"max_hp_per_floor":[71,71,71,71,71,71,71,71,71,71,71,71,71,71,71,71],"card_choices":[{"not_picked":["Stack","Rebound"],"picked":"Turbo","floor":1},{"not_picked":["Redo","Auto Shields","Hologram"],"picked":"SKIP","floor":3},{"not_picked":["Static Discharge","Barrage"],"picked":"Ball Lightning","floor":6},{"not_picked":["Aggregate","Chaos"],"picked":"Coolheaded","floor":10},{"not_picked":["Scrape+1","Heatsinks"],"picked":"Static Discharge","floor":11},{"not_picked":["Redo","Reinforced Body"],"picked":"Doom and Gloom+1","floor":14}],"player_experience":761536,"relics_obtained":[{"floor":6,"key":"Art of War"},{"floor":9,"key":"FossilizedHelix"},{"floor":10,"key":"Molten Egg 2"},{"floor":12,"key":"Centennial Puzzle"},{"floor":14,"key":"Vajra"}],"event_choices":[{"damage_healed":0,"gold_gain":0,"player_choice":"Entered Light","damage_taken":21,"max_hp_gain":0,"max_hp_loss":0,"event_name":"Shining Light","floor":2,"gold_loss":0,"cards_upgraded":["Defend_B","Defend_B"]},{"damage_healed":17,"gold_gain":0,"player_choice":"Healed","damage_taken":0,"max_hp_gain":0,"max_hp_loss":0,"event_name":"The Cleric","floor":4,"gold_loss":35},{"damage_healed":0,"gold_gain":75,"player_choice":"Gather Gold","damage_taken":11,"max_hp_gain":0,"max_hp_loss":0,"event_name":"World of Goop","floor":5,"gold_loss":0},{"damage_healed":0,"gold_gain":0,"player_choice":"Searched \u00271\u0027 times","damage_taken":0,"max_hp_gain":0,"max_hp_loss":0,"event_name":"Dead Adventurer","floor":14,"gold_loss":0}],"is_beta":false,"boss_relics":[],"items_purged_floors":[],"is_endless":false,"potions_floor_spawned":[6,11],"killed_by":"Slime Boss","ascension_level":20}