{"gold_per_floor":[368,518,9,9,9,47,47,78,104,104,120,20,35,56,56,152,152,165,165,185,204,39,39,39],"floor_reached":24,"playtime":805,"items_purged":["Doubt","Strike_B"],"score":408,"play_id":"c4a5c861-bd2e-4218-ab77-024735b9bf6e","local_time":"20190719171601","is_ascension_mode":true,"campfire_choices":[{"floor":7,"key":"REST"},{"data":"Sunder","floor":10,"key":"SMITH"},{"floor":15,"key":"REST"},{"data":"Fission","floor":23,"key":"SMITH"}],"neow_cost":"TEN_PERCENT_HP_LOSS","seed_source_timestamp":6220832115600,"circlet_count":0,"master_deck":["AscendersBane","Strike_B","Strike_B","Defend_B","Defend_B","Defend_B","Defend_B","Zap","Dualcast","Turbo","Sunder+1","Coolheaded","Biased Cognition","Chill","Coolheaded","Fission+1","Rebound","Heatsinks","Force Field"],"relics":["Cracked Core","Torii","Golden Idol","Ornamental Fan","Bird Faced Urn","Omamori","Snecko Eye","PreservedInsect"],"potions_floor_usage":[16,16],"damage_taken":[{"damage":0,"enemies":"Small Slimes","floor":1,"turns":4},{"damage":22,"enemies":"3 Sentries","floor":6,"turns":10},{"damage":20,"enemies":"Gremlin Nob","floor":8,"turns":4},{"damage":2,"enemies":"Jaw Worm","floor":11,"turns":4},{"damage":0,"enemies":"2 Louse","floor":13,"turns":1},{"damage":1,"enemies":"Blue Slaver","floor":14,"turns":5},{"damage":18,"enemies":"The Guardian","floor":16,"turns":14},{"damage":21,"enemies":"Shell Parasite","floor":18,"turns":7},{"damage":0,"enemies":"Spheric Guardian","floor":20,"turns":1},{"damage":9,"enemies":"Snake Plant","floor":21,"turns":5},{"damage":37,"enemies":"Cultist and Chosen","floor":24,"turns":6}],"seed_played":"-4031404503012977790","potions_obtained":[{"floor":8,"key":"Ancient Potion"},{"floor":13,"key":"Swift Potion"}],"is_trial":false,"path_per_floor":["M","?","$","?","?","E","R","E","T","R","M","$","M","M","R","B",null,"M","?","M","M","$","R","M"],"character_chosen":"DEFECT","items_purchased":["Sunder","Torii","Coolheaded","PreservedInsect"],"campfire_rested":2,"item_purchase_floors":[3,3,3,22],"current_hp_per_floor":[64,64,64,42,35,13,32,12,12,12,12,12,14,15,34,18,53,34,34,36,31,31,31,0],"gold":39,"neow_bonus":"TWO_FIFTY_GOLD","is_prod":false,"is_daily":false,"chose_seed":false,"campfire_upgraded":2,"win_rate":0,"timestamp":1563524161,"path_taken":["M","?","$","?","?","E","R","E","T","R","M","?","?","M","R","BOSS","M","?","M","M","$","R","M"],"build_version":"2019-07-17","purchased_purges":2,"victory":false,"max_hp_per_floor":[64,64,64,64,64,64,64,64,64,64,64,64,64,64,64,64,64,64,64,64,64,64,64,64],"card_choices":[{"not_picked":["Hologram","Stack"],"picked":"Turbo","floor":1},{"not_picked":["Ball Lightning","Lockon"],"picked":"Biased Cognition","floor":6},{"not_picked":["Beam Cell","Go for the Eyes","Sunder"],"picked":"SKIP","floor":11},{"not_picked":["Hello World","Rip and Tear"],"picked":"Chill","floor":13},{"not_picked":["Gash","Cold Snap"],"picked":"Coolheaded","floor":14},{"not_picked":["Thunder Strike","Amplify"],"picked":"Fission","floor":16},{"not_picked":["Gash+1","Barrage"],"picked":"Rebound","floor":18},{"not_picked":["Ball Lightning","FTL"],"picked":"Heatsinks","floor":20},{"not_picked":["Cold Snap","Heatsinks+1"],"picked":"Force Field","floor":21}],"player_experience":1098542,"relics_obtained":[{"floor":6,"key":"Ornamental Fan"},{"floor":8,"key":"Bird Faced Urn"},{"floor":9,"key":"Omamori"}],"event_choices":[{"damage_healed":0,"gold_gain":150,"player_choice":"AGREE","damage_taken":0,"max_hp_gain":0,"max_hp_loss":0,"event_name":"Liars Game","floor":2,"gold_loss":0,"cards_obtained":["Doubt"]},{"damage_healed":0,"gold_gain":0,"player_choice":"Take Damage","damage_taken":22,"relics_obtained":["Golden Idol"],"max_hp_gain":0,"max_hp_loss":0,"event_name":"Golden Idol","floor":4,"gold_loss":0},{"cards_removed":["Strike_B"],"damage_healed":0,"gold_gain":0,"player_choice":"Card Removal","damage_taken":7,"max_hp_gain":0,"max_hp_loss":0,"event_name":"Golden Wing","floor":5,"gold_loss":0},{"damage_healed":0,"gold_gain":0,"player_choice":"Ignored","damage_taken":0,"max_hp_gain":0,"max_hp_loss":0,"event_name":"Vampires","floor":19,"gold_loss":0}],"is_beta":false,"boss_relics":[{"not_picked":["Fusion Hammer","Runic Pyramid"],"picked":"Snecko Eye"}],"items_purged_floors":[3,12],"is_endless":false,"potions_floor_spawned":[8,13],"killed_by":"Cultist and Chosen","ascension_level":20}