{"gold_per_floor":[116,116,116,127,137,137,165,183,209,209,134,166,12,12,12,89,89,106,117,30,45,45,45,78,90,115,143,143,143,143,157,157,228,228,244,244,257,270,287,312,325,337,364,364,364,364],"floor_reached":46,"playtime":1968,"items_purged":["Strike_B","Strike_B"],"score":1150,"play_id":"28ee2eba-87ef-4fea-8ba1-956e09c5d7fb","local_time":"20190616190957","is_ascension_mode":true,"campfire_choices":[{"data":"Darkness","floor":6,"key":"SMITH"},{"data":"Capacitor","floor":15,"key":"SMITH"},{"floor":23,"key":"REST"},{"floor":29,"key":"REST"},{"data":"Defragment","floor":32,"key":"SMITH"}],"neow_cost":"NONE","seed_source_timestamp":187887140759100,"circlet_count":0,"master_deck":["AscendersBane","Strike_B","Defend_B","Defend_B","Defend_B","Defend_B","Zap+1","Dualcast","Capacitor+1","Seek","Darkness+1","Rip and Tear","Undo","Coolheaded+1","Consume+1","Rainbow","Coolheaded","Defragment+1","Self Repair","Recycle","Static Discharge+1","Defragment+1","Reboot","Darkness","Cold Snap+1","Coolheaded+1","Hologram","Apotheosis","Chrysalis"],"relics":["Velvet Choker","Regal Pillow","Bag of Preparation","Strawberry","Sozu","Omamori","DataDisk","Inserter","Symbiotic Virus","Juzu Bracelet"],"potions_floor_usage":[7,12,16,24],"damage_taken":[{"damage":2,"enemies":"Small Slimes","floor":1,"turns":4},{"damage":6,"enemies":"Cultist","floor":4,"turns":5},{"damage":6,"enemies":"Jaw Worm","floor":5,"turns":4},{"damage":15,"enemies":"3 Sentries","floor":7,"turns":7},{"damage":12,"enemies":"Gremlin Gang","floor":8,"turns":6},{"damage":1,"enemies":"Gremlin Nob","floor":12,"turns":3},{"damage":0,"enemies":"Hexaghost","floor":16,"turns":7},{"damage":18,"enemies":"Chosen","floor":18,"turns":5},{"damage":0,"enemies":"Spheric Guardian","floor":19,"turns":3},{"damage":1,"enemies":"Centurion and Healer","floor":21,"turns":6},{"damage":45,"enemies":"Slavers","floor":24,"turns":8},{"damage":0,"enemies":"Cultist and Chosen","floor":25,"turns":6},{"damage":30,"enemies":"Gremlin Leader","floor":27,"turns":6},{"damage":6,"enemies":"Colosseum Slavers","floor":28,"turns":6},{"damage":5,"enemies":"Snecko","floor":31,"turns":4},{"damage":15,"enemies":"Champ","floor":33,"turns":15},{"damage":3,"enemies":"3 Shapes","floor":35,"turns":6},{"damage":13,"enemies":"3 Darklings","floor":37,"turns":7},{"damage":0,"enemies":"Maw","floor":38,"turns":9},{"damage":0,"enemies":"Sphere and 2 Shapes","floor":39,"turns":8},{"damage":35,"enemies":"Nemesis","floor":40,"turns":11},{"damage":10,"enemies":"3 Darklings","floor":41,"turns":9},{"damage":23,"enemies":"Spire Growth","floor":42,"turns":3},{"damage":2,"enemies":"Reptomancer","floor":46,"turns":2}],"seed_played":"741882764581540805","potions_obtained":[{"floor":1,"key":"Swift Potion"},{"floor":3,"key":"FearPotion"},{"floor":4,"key":"Explosive Potion"},{"floor":7,"key":"Energy Potion"}],"is_trial":false,"path_per_floor":["M","?","?","M","M","R","E","M","T","?","$","E","$","?","R","B",null,"M","M","$","M","?","R","E","M","T","E","?","R","?","M","R","B",null,"M","?","M","M","M","E","M","M","T","?","?","E"],"character_chosen":"DEFECT","items_purchased":["PowerPotion","Defragment"],"campfire_rested":2,"item_purchase_floors":[13,20],"current_hp_per_floor":[62,62,62,56,50,50,35,23,23,2,2,8,8,8,8,8,61,43,43,43,42,42,78,40,47,47,24,25,63,63,65,65,57,73,77,77,71,78,78,50,47,24,24,24,14,12],"gold":364,"neow_bonus":"BOSS_RELIC","is_prod":false,"is_daily":false,"chose_seed":false,"campfire_upgraded":3,"win_rate":0,"timestamp":1560679797,"path_taken":["M","?","?","M","M","R","E","?","T","?","$","E","$","?","R","BOSS","M","?","?","M","?","R","E","?","T","E","?","R","?","M","R","BOSS","M","?","M","M","M","E","M","M","T","?","?","E"],"build_version":"2019-01-23","purchased_purges":2,"victory":false,"max_hp_per_floor":[71,71,71,71,71,71,71,71,71,71,71,78,78,78,78,78,78,78,78,78,78,78,78,78,78,78,78,78,78,78,78,78,78,78,78,78,78,78,78,78,78,78,78,78,78,78],"card_choices":[{"not_picked":["Blizzard","FTL"],"picked":"Capacitor","floor":1},{"not_picked":["Cold Snap","Leap"],"picked":"Darkness","floor":4},{"not_picked":["Double Energy","Blizzard"],"picked":"Rip and Tear","floor":5},{"not_picked":["Doom and Gloom","Compile Driver"],"picked":"Undo","floor":7},{"not_picked":["Steam","Turbo"],"picked":"Coolheaded","floor":8},{"not_picked":["Rip and Tear","Gash"],"picked":"Consume","floor":12},{"not_picked":["Fission","Amplify"],"picked":"Rainbow","floor":16},{"not_picked":["Steam Power","Cold Snap"],"picked":"Coolheaded","floor":18},{"not_picked":["Conserve Battery","Go for the Eyes","Cold Snap"],"picked":"SKIP","floor":19},{"not_picked":["Hologram","Ball Lightning"],"picked":"Self Repair","floor":21},{"not_picked":["Sweeping Beam","Rebound"],"picked":"Recycle","floor":24},{"not_picked":["Melter","Leap"],"picked":"Static Discharge+1","floor":25},{"not_picked":["Storm","Leap"],"picked":"Defragment","floor":27},{"not_picked":["Reboot","Sunder+1","FTL"],"picked":"SKIP","floor":31},{"not_picked":["Thunder Strike","All For One"],"picked":"Reboot","floor":33},{"not_picked":["Force Field","Defragment"],"picked":"Darkness","floor":35},{"not_picked":["Turbo","Go for the Eyes"],"picked":"Cold Snap+1","floor":37},{"not_picked":["Go for the Eyes","Tempest"],"picked":"Coolheaded+1","floor":38},{"not_picked":["Barrage+1","Gash"],"picked":"Hologram","floor":39},{"not_picked":["Stack","Rip and Tear","Go for the Eyes+1"],"picked":"SKIP","floor":40},{"not_picked":["Amplify","Conserve Battery","Rebound+1"],"picked":"SKIP","floor":41},{"not_picked":["Rebound","Sweeping Beam","Doom and Gloom"],"picked":"SKIP","floor":42},{"not_picked":["Panacea","Impatience"],"picked":"Apotheosis","floor":45},{"not_picked":["HandOfGreed","Transmutation"],"picked":"Chrysalis","floor":45}],"player_experience":693678,"relics_obtained":[{"floor":7,"key":"Regal Pillow"},{"floor":9,"key":"Bag of Preparation"},{"floor":12,"key":"Strawberry"},{"floor":24,"key":"Omamori"},{"floor":27,"key":"DataDisk"},{"floor":40,"key":"Symbiotic Virus"},{"floor":43,"key":"Juzu Bracelet"}],"event_choices":[{"damage_healed":0,"gold_gain":0,"cards_transformed":["Strike_B"],"player_choice":"Change","damage_taken":0,"max_hp_gain":0,"max_hp_loss":0,"event_name":"Living Wall","floor":2,"gold_loss":0,"cards_obtained":["Seek"]},{"damage_healed":0,"gold_gain":0,"player_choice":"Got Potions","damage_taken":0,"max_hp_gain":0,"max_hp_loss":0,"event_name":"Lab","floor":3,"gold_loss":0},{"damage_healed":0,"gold_gain":0,"player_choice":"Entered Light","damage_taken":21,"max_hp_gain":0,"max_hp_loss":0,"event_name":"Shining Light","floor":10,"gold_loss":0,"cards_upgraded":["Coolheaded","Zap"]},{"damage_healed":0,"gold_gain":0,"player_choice":"Upgraded","damage_taken":0,"max_hp_gain":0,"max_hp_loss":0,"event_name":"Upgrade Shrine","floor":14,"gold_loss":0,"cards_upgraded":["Consume"]},{"damage_healed":0,"gold_gain":0,"player_choice":"Upgraded","damage_taken":0,"max_hp_gain":0,"max_hp_loss":0,"event_name":"Upgrade Shrine","floor":22,"gold_loss":0,"cards_upgraded":["Defragment"]},{"damage_healed":0,"gold_gain":0,"player_choice":"Fight","damage_taken":0,"max_hp_gain":0,"max_hp_loss":0,"event_name":"Colosseum","floor":28,"gold_loss":0},{"damage_healed":0,"gold_gain":0,"player_choice":"Fled From Nobs","damage_taken":0,"max_hp_gain":0,"max_hp_loss":0,"event_name":"Colosseum","floor":28,"gold_loss":0},{"damage_healed":0,"gold_gain":0,"player_choice":"Ignored","damage_taken":0,"max_hp_gain":0,"max_hp_loss":0,"event_name":"Vampires","floor":30,"gold_loss":0},{"damage_healed":0,"gold_gain":0,"player_choice":"Ignored","damage_taken":0,"max_hp_gain":0,"max_hp_loss":0,"event_name":"Mysterious Sphere","floor":36,"gold_loss":0},{"damage_healed":0,"gold_gain":0,"player_choice":"Ignored","damage_taken":0,"max_hp_gain":0,"max_hp_loss":0,"event_name":"SecretPortal","floor":44,"gold_loss":0},{"damage_healed":0,"gold_gain":0,"player_choice":"Memory 3","damage_taken":10,"max_hp_gain":0,"max_hp_loss":0,"event_name":"SensoryStone","floor":45,"gold_loss":0}],"is_beta":false,"boss_relics":[{"not_picked":["Black Star","Nuclear Battery"],"picked":"Sozu"},{"not_picked":["Snecko Eye","Tiny House"],"picked":"Inserter"}],"items_purged_floors":[11,13],"is_endless":false,"potions_floor_spawned":[1,4,7,8,21,24,28,33,38,40,41],"killed_by":"Reptomancer","ascension_level":20}