{"path_per_floor":["M","M","M","?","M","R","?","E","T","$","?","R","M","E","R","B",null,"M","$","?","?","M","E","R","E","T","?","R","$","R","M","R","B",null,"M","T","?","$","?","R","M","E","T","E","M","T","R","E","R","B"],"character_chosen":"THE_SILENT","items_purchased":["Noxious Fumes","Poisoned Stab","Poison Potion","PowerPotion","Apotheosis"],"gold_per_floor":[12,27,37,37,50,50,10,45,124,56,86,86,98,128,128,231,231,249,99,133,133,144,179,179,213,239,239,239,90,90,106,106,203,203,213,213,259,50,50,50,66,94,94,122,142,165,165,194,194,194],"floor_reached":51,"campfire_rested":8,"playtime":4241,"item_purchase_floors":[10,19,19,29,38],"current_hp_per_floor":[68,67,64,64,61,61,61,51,51,51,51,70,70,66,66,50,70,65,65,56,43,29,11,33,14,14,14,36,36,58,41,63,33,75,73,73,63,63,63,89,89,78,78,74,53,53,79,70,89,51],"items_purged":["Strike_G","Strike_G"],"gold":194,"score":815,"play_id":"89ab7a9d-b30c-41dd-8e3a-3709a4266633","local_time":"20180601193839","is_prod":false,"is_daily":false,"chose_seed":false,"is_ascension_mode":true,"campfire_upgraded":2,"win_rate":0,"timestamp":1527871119,"campfire_choices":[{"data":"Neutralize","floor":6,"key":"SMITH"},{"floor":12,"key":"REST"},{"data":"Noxious Fumes","floor":15,"key":"SMITH"},{"floor":24,"key":"REST"},{"floor":28,"key":"REST"},{"floor":30,"key":"REST"},{"floor":32,"key":"REST"},{"floor":40,"key":"REST"},{"floor":47,"key":"REST"},{"floor":49,"key":"REST"}],"path_taken":["M","M","M","?","M","R","?","E","T","$","?","R","M","E","R","BOSS","M","$","?","?","M","E","R","E","T","?","R","$","R","M","R","BOSS","M","?","?","$","?","R","M","E","T","E","M","?","R","E","R","BOSS"],"build_version":"2018-05-31","seed_source_timestamp":937517714902694,"purchased_purges":2,"victory":true,"master_deck":["Defend_G+1","Defend_G","Defend_G","Strike_G","Survivor","Neutralize+1","Bane","Bane","Catalyst","Noxious Fumes+1","Crippling Poison+1","Adrenaline","PiercingWail+1","Flechettes+1","Noxious Fumes+1","Poisoned Stab","PiercingWail","Distraction+1","Concentrate+1","Envenom","Crippling Poison","Apotheosis","Bouncing Flask+1","Deadly Poison"],"max_hp_per_floor":[70,70,70,70,70,70,70,70,70,70,70,70,70,70,70,70,70,70,70,70,75,75,75,75,75,75,75,75,75,75,75,75,75,75,75,75,89,89,89,89,89,89,89,89,89,89,89,89,89,89],"relics":["Ring of the Snake","The Specimen","Mercury Hourglass","Tiny Chest","Juzu Bracelet","Boot","Astrolabe","Red Mask","Ancient Tea Set","Toolbox","War Paint","Tingsha","Sozu","Tough Bandages","Mango","Meat on the Bone","Vajra","Art of War","Omamori","Dream Catcher"],"card_choices":[{"not_picked":["Deflect","Dagger Spray","Sucker Punch"],"picked":"SKIP","floor":1},{"not_picked":["Backflip","Phantasmal Killer"],"picked":"Bane","floor":2},{"not_picked":["Deflect","Outmaneuver"],"picked":"Bane","floor":3},{"not_picked":["Deflect","Choke","Setup"],"picked":"SKIP","floor":5},{"not_picked":["Footwork","Underhanded Strike"],"picked":"Catalyst","floor":8},{"not_picked":["Prepared","Grand Finale","Outmaneuver"],"picked":"SKIP","floor":13},{"not_picked":["Backflip","Dodge and Roll"],"picked":"Crippling Poison","floor":14},{"not_picked":["Tactician","Wraith Form v2"],"picked":"Adrenaline","floor":16},{"not_picked":["All Out Attack","Caltrops","Acrobatics+1"],"picked":"SKIP","floor":18},{"not_picked":["Footwork+1","Flying Knee","Dagger Spray"],"picked":"SKIP","floor":22},{"not_picked":["Leg Sweep","Dodge and Roll"],"picked":"PiercingWail","floor":23},{"not_picked":["Flying Knee","Underhanded Strike"],"picked":"Distraction+1","floor":25},{"not_picked":["Venomology","Flying Knee"],"picked":"Concentrate+1","floor":31},{"not_picked":["Wraith Form v2","Burst"],"picked":"Envenom","floor":33},{"not_picked":["Dagger Spray+1","Underhanded Strike+1"],"picked":"Crippling Poison","floor":35},{"not_picked":["Setup","Outmaneuver+1","Deflect+1"],"picked":"SKIP","floor":41},{"not_picked":["Acrobatics","Bane"],"picked":"Bouncing Flask+1","floor":42},{"not_picked":["Quick Slash","Flying Knee"],"picked":"Deadly Poison","floor":44},{"not_picked":["Accuracy+1","Glass Knife","Dagger Throw"],"picked":"SKIP","floor":45},{"not_picked":["Calculated Gamble+1","Bane","Backflip"],"picked":"SKIP","floor":48}],"player_experience":445584,"potions_floor_usage":[8,14,14,18,20,22,23,31,50],"damage_taken":[{"damage":2,"enemies":"Jaw Worm","floor":1,"turns":5},{"damage":1,"enemies":"2 Louse","floor":2,"turns":4},{"damage":3,"enemies":"Small Slimes","floor":3,"turns":4},{"damage":3,"enemies":"Gremlin Gang","floor":5,"turns":7},{"damage":10,"enemies":"Gremlin Nob","floor":8,"turns":4},{"damage":0,"enemies":"Exordium Wildlife","floor":13,"turns":3},{"damage":4,"enemies":"Lagavulin","floor":14,"turns":6},{"damage":16,"enemies":"Hexaghost","floor":16,"turns":8},{"damage":5,"enemies":"Spheric Guardian","floor":18,"turns":4},{"damage":9,"enemies":"Masked Bandits","floor":20,"turns":3},{"damage":14,"enemies":"2 Thieves","floor":22,"turns":3},{"damage":18,"enemies":"Slavers","floor":23,"turns":4},{"damage":19,"enemies":"Gremlin Leader","floor":25,"turns":5},{"damage":17,"enemies":"Snecko","floor":31,"turns":4},{"damage":30,"enemies":"Automaton","floor":33,"turns":8},{"damage":2,"enemies":"3 Darklings","floor":35,"turns":4},{"damage":24,"enemies":"Mysterious Sphere","floor":37,"turns":4},{"damage":0,"enemies":"Orb Walker","floor":41,"turns":3},{"damage":11,"enemies":"Giant Head","floor":42,"turns":7},{"damage":4,"enemies":"Nemesis","floor":44,"turns":5},{"damage":21,"enemies":"Maw","floor":45,"turns":6},{"damage":9,"enemies":"2 Orb Walkers","floor":48,"turns":3},{"damage":38,"enemies":"Time Eater","floor":50,"turns":6}],"relics_obtained":[{"floor":8,"key":"Mercury Hourglass"},{"floor":9,"key":"Tiny Chest"},{"floor":14,"key":"Boot"},{"floor":20,"key":"Red Mask"},{"floor":23,"key":"Ancient Tea Set"},{"floor":25,"key":"Toolbox"},{"floor":26,"key":"War Paint"},{"floor":36,"key":"Tough Bandages"},{"floor":37,"key":"Mango"},{"floor":42,"key":"Meat on the Bone"},{"floor":43,"key":"Vajra"},{"floor":44,"key":"Art of War"},{"floor":46,"key":"Omamori"},{"floor":48,"key":"Dream Catcher"}],"event_choices":[{"event_name":"Liars Game","player_choice":"disagreed","floor":4,"damage_taken":0},{"event_name":"The Woman in Blue","player_choice":"Bought 3 Potions","floor":7,"damage_taken":0},{"event_name":"Dead Adventurer","player_choice":"Searched \u00272\u0027 times","floor":11,"damage_taken":0},{"event_name":"Masked Bandits","player_choice":"Fought over 99 gold","floor":20,"damage_taken":0},{"event_name":"Forgotten Altar","player_choice":"Shed Blood","floor":21,"damage_taken":0},{"event_name":"The Mausoleum","player_choice":"Yes","floor":27,"damage_taken":0},{"event_name":"Mysterious Sphere","player_choice":"Fight","floor":37,"damage_taken":0},{"event_name":"Purifier","player_choice":"One Purge","floor":39,"damage_taken":0}],"boss_relics":[{"not_picked":["Runic Dome","Runic Pyramid"],"picked":"Astrolabe"},{"not_picked":["Cursed Key","White Beast Statue"],"picked":"Sozu"}],"items_purged_floors":[19,29],"potions_floor_spawned":[2,8,16,18,33,35,44],"seed_played":"6017761788246787783","ascension_level":1,"potions_obtained":[{"floor":2,"key":"GhostInAJar"},{"floor":7,"key":"Strength Potion"},{"floor":7,"key":"Fire Potion"},{"floor":8,"key":"AttackPotion"},{"floor":16,"key":"AttackPotion"},{"floor":18,"key":"Explosive Potion"},{"floor":33,"key":"LiquidBronze"}],"is_trial":false}