{"gold_per_floor":[117,130,100,117,132,132,148,177,230,230,241,241],"floor_reached":12,"playtime":427,"items_purged":[],"score":164,"play_id":"3afcfd39-fb52-44dc-ab43-126fd4293b6f","local_time":"20190716171420","is_ascension_mode":true,"campfire_choices":[{"data":"Armaments","floor":6.0,"key":"SMITH"},{"data":"Whirlwind","floor":10.0,"key":"SMITH"}],"neow_cost":"NONE","seed_source_timestamp":315069357475500,"circlet_count":0,"master_deck":["AscendersBane","Strike_R","Strike_R","Strike_R","Strike_R","Strike_R","Defend_R","Defend_R","Defend_R","Defend_R","Bash","Corruption","Sword Boomerang","Armaments+1","Rampage","Whirlwind+1","Ghostly Armor","Disarm"],"special_seed":0,"relics":["Burning Blood","NeowsBlessing","Pen Nib","Tiny Chest"],"potions_floor_usage":[12],"damage_taken":[{"damage":0.0,"enemies":"Cultist","floor":1.0,"turns":1.0},{"damage":0.0,"enemies":"2 Louse","floor":2.0,"turns":1.0},{"damage":0.0,"enemies":"Small Slimes","floor":4.0,"turns":1.0},{"damage":21.0,"enemies":"3 Louse","floor":5.0,"turns":5.0},{"damage":10.0,"enemies":"Looter","floor":7.0,"turns":4.0},{"damage":52.0,"enemies":"Gremlin Nob","floor":8.0,"turns":5.0},{"damage":7.0,"enemies":"Lots of Slimes","floor":11.0,"turns":3.0},{"damage":18,"enemies":"Lagavulin","floor":12,"turns":4}],"seed_played":"6212411285225013352","potions_obtained":[{"floor":2.0,"key":"GamblersBrew"},{"floor":3.0,"key":"PowerPotion"},{"floor":8.0,"key":"PowerPotion"}],"is_trial":false,"path_per_floor":["M","M","?","M","M","R","M","E","T","R","M","E"],"character_chosen":"IRONCLAD","items_purchased":[],"campfire_rested":0,"item_purchase_floors":[],"current_hp_per_floor":[74,75,75,75,60,60,56,10,10,10,9,0],"gold":241,"neow_bonus":"THREE_ENEMY_KILL","is_prod":false,"is_daily":false,"chose_seed":false,"campfire_upgraded":2,"win_rate":0,"timestamp":1563264860,"path_taken":["M","?","?","M","M","R","M","E","T","R","M","E"],"build_version":"2019-07-05","purchased_purges":0,"victory":false,"max_hp_per_floor":[75,75,75,75,75,75,75,75,75,75,75,75],"card_choices":[{"not_picked":["Thunderclap","Sword Boomerang"],"picked":"Corruption","floor":1.0},{"not_picked":["Rupture","Perfected Strike"],"picked":"Sword Boomerang","floor":2.0},{"not_picked":["Anger","Warcry"],"picked":"Armaments","floor":4.0},{"not_picked":["Wild Strike","Clothesline"],"picked":"Rampage","floor":5.0},{"not_picked":["Burning Pact","Heavy Blade"],"picked":"Whirlwind","floor":7.0},{"not_picked":["Clothesline","Sever Soul"],"picked":"Ghostly Armor","floor":8.0},{"not_picked":["Double Tap","Pommel Strike"],"picked":"Disarm","floor":11.0}],"player_experience":1061498,"relics_obtained":[{"floor":8.0,"key":"Pen Nib"},{"floor":9.0,"key":"Tiny Chest"}],"event_choices":[{"damage_healed":0.0,"max_hp_gain":0.0,"max_hp_loss":0.0,"gold_gain":0.0,"event_name":"The Woman in Blue","player_choice":"Bought 2 Potions","floor":3.0,"gold_loss":0.0,"damage_taken":0.0}],"is_beta":false,"boss_relics":[],"items_purged_floors":[],"is_endless":false,"potions_floor_spawned":[2,8],"killed_by":"Lagavulin","ascension_level":20}