{"gold_per_floor":[110,110,123,48,61,90,90,115,141,157,157,232,232,264,264,339,339,352,364,12,12,22,22,22],"floor_reached":24,"playtime":1068,"items_purged":["Decay","Armaments"],"score":478,"play_id":"9b7fed5e-886a-4ba1-b592-bdb1d29b2673","local_time":"20190728130807","is_ascension_mode":true,"campfire_choices":[{"data":"Bludgeon","floor":7,"key":"SMITH"},{"data":"Armaments","floor":13,"key":"SMITH"},{"data":"Disarm","floor":15,"key":"SMITH"},{"data":"Berserk","floor":23,"key":"SMITH"}],"neow_cost":"CURSE","seed_source_timestamp":768684314100700,"circlet_count":0,"master_deck":["AscendersBane","Bash","Bludgeon+1","Disarm+1","Metallicize","Armaments+1","Second Wind","Reaper","Sword Boomerang","Exhume","Power Through","Flex","Burning Pact","Flame Barrier","Dual Wield","Disarm","Berserk+1","Bloodletting"],"relics":["Burning Blood","Whetstone","Blood Vial","Orichalcum","Pandora\u0027s Box","Membership Card","Regal Pillow"],"potions_floor_usage":[6,6,16,16,19],"damage_taken":[{"damage":4,"enemies":"Jaw Worm","floor":1,"turns":4},{"damage":6,"enemies":"Cultist","floor":3,"turns":3},{"damage":5,"enemies":"2 Louse","floor":5,"turns":3},{"damage":0,"enemies":"Gremlin Nob","floor":6,"turns":2},{"damage":19,"enemies":"3 Sentries","floor":8,"turns":11},{"damage":11,"enemies":"2 Fungi Beasts","floor":10,"turns":3},{"damage":12,"enemies":"Lagavulin","floor":14,"turns":6},{"damage":8,"enemies":"The Guardian","floor":16,"turns":14},{"damage":3,"enemies":"Chosen","floor":18,"turns":11},{"damage":18,"enemies":"Spheric Guardian","floor":19,"turns":5},{"damage":11,"enemies":"Snecko","floor":22,"turns":6},{"damage":67,"enemies":"Slavers","floor":24,"turns":4}],"seed_played":"4357372450852385223","potions_obtained":[{"floor":1,"key":"EssenceOfSteel"},{"floor":2,"key":"Dexterity Potion"},{"floor":2,"key":"FearPotion"},{"floor":5,"key":"Energy Potion"},{"floor":8,"key":"Energy Potion"},{"floor":10,"key":"SteroidPotion"},{"floor":18,"key":"SkillPotion"}],"is_trial":false,"path_per_floor":["M","?","M","$","M","E","R","E","T","M","?","?","R","E","R","B",null,"M","M","$","?","M","R","E"],"character_chosen":"IRONCLAD","items_purchased":["Membership Card","Regal Pillow"],"campfire_rested":0,"item_purchase_floors":[20,20],"current_hp_per_floor":[70,70,70,70,71,75,75,62,62,59,64,53,53,49,49,55,74,80,68,68,68,69,69,16],"gold":22,"neow_bonus":"THREE_RARE_CARDS","is_prod":false,"is_daily":false,"chose_seed":false,"campfire_upgraded":4,"win_rate":0,"timestamp":1564286887,"path_taken":["M","?","?","$","M","E","R","E","T","M","?","?","R","E","R","BOSS","M","M","$","?","?","R","E"],"build_version":"2019-07-17","purchased_purges":2,"victory":false,"max_hp_per_floor":[75,75,75,75,75,75,75,75,75,75,80,80,80,80,80,80,80,80,80,80,80,80,80,80],"card_choices":[{"not_picked":["Demon Form","Exhume"],"picked":"Bludgeon","floor":0},{"not_picked":["Pommel Strike","Havoc"],"picked":"Disarm","floor":1},{"not_picked":["Warcry","Pommel Strike"],"picked":"Metallicize","floor":3},{"not_picked":["Sentinel","Fire Breathing"],"picked":"Armaments","floor":5},{"not_picked":["Havoc","Clash"],"picked":"Second Wind","floor":6},{"not_picked":["Thunderclap","Anger"],"picked":"Reaper","floor":8},{"not_picked":["Pommel Strike","Fire Breathing"],"picked":"Sword Boomerang","floor":10},{"not_picked":["Sentinel","Rupture","Second Wind"],"picked":"SKIP","floor":14},{"not_picked":["Dark Embrace","Fiend Fire"],"picked":"Exhume","floor":16},{"not_picked":["Wild Strike","Metallicize+1","Clash"],"picked":"SKIP","floor":18},{"not_picked":["Sword Boomerang","Power Through","Iron Wave"],"picked":"SKIP","floor":19},{"not_picked":["Second Wind","Clothesline+1","Pummel"],"picked":"SKIP","floor":22}],"player_experience":1251771,"relics_obtained":[{"floor":6,"key":"Whetstone"},{"floor":8,"key":"Blood Vial"},{"floor":14,"key":"Orichalcum"}],"event_choices":[{"damage_healed":0,"gold_gain":0,"player_choice":"Got Potions","damage_taken":0,"max_hp_gain":0,"max_hp_loss":0,"event_name":"Lab","floor":2,"gold_loss":0},{"damage_healed":0,"gold_gain":0,"player_choice":"Donut","damage_taken":0,"max_hp_gain":5,"max_hp_loss":0,"event_name":"Big Fish","floor":11,"gold_loss":0},{"damage_healed":0,"gold_gain":75,"player_choice":"Gather Gold","damage_taken":11,"max_hp_gain":0,"max_hp_loss":0,"event_name":"World of Goop","floor":12,"gold_loss":0},{"damage_healed":0,"gold_gain":0,"player_choice":"0 cards matched","damage_taken":0,"max_hp_gain":0,"max_hp_loss":0,"event_name":"Match and Keep!","floor":21,"gold_loss":0,"cards_obtained":[]}],"is_beta":false,"boss_relics":[{"not_picked":["Empty Cage","Runic Cube"],"picked":"Pandora\u0027s Box"}],"items_purged_floors":[4,20],"is_endless":false,"potions_floor_spawned":[1,5,8,10,18],"killed_by":"Slavers","ascension_level":20}