{"gold_per_floor":[115,190,206,222,222,256,256,256,256,103,122,122,122,122,122,220,220,235,235,92,105,105,105,135,135,135,154,154,168,184,201,201,302,302,315,241,252,268,146,146,495,495,548,395,395,495,103,120,120,120,120,120,21,51,51],"floor_reached":56,"playtime":3105,"items_purged":[],"score":1213,"play_id":"9e45c747-3d55-4f8f-8ed1-faece5df78f3","local_time":"20190301105819","is_ascension_mode":false,"campfire_choices":[{"floor":7.0,"key":"REST"},{"floor":13.0,"key":"RECALL"},{"floor":15.0,"key":"REST"},{"data":"Caltrops","floor":23.0,"key":"SMITH"},{"data":"Noxious Fumes","floor":25.0,"key":"SMITH"},{"data":"Poisoned Stab","floor":28.0,"key":"SMITH"},{"data":"Caltrops","floor":32.0,"key":"SMITH"},{"data":"Noxious Fumes","floor":40.0,"key":"SMITH"},{"floor":45.0,"key":"REST"},{"floor":49.0,"key":"REST"},{"data":"Envenom","floor":52.0,"key":"SMITH"}],"neow_cost":"NONE","seed_source_timestamp":849236026487166,"circlet_count":0,"master_deck":["Defend_G","Defend_G","Defend_G","Defend_G","Defend_G","Strike_G","Strike_G","Strike_G","Strike_G","Strike_G","Survivor","Neutralize","Poisoned Stab+1","Noxious Fumes+1","Bouncing Flask+1","Catalyst+1","Footwork","Venomology+1","Caltrops+1","Backstab","Backstab","Caltrops+1","Corpse Explosion+1","Noxious Fumes+1","Crippling Poison+1","Crippling Poison+1","Envenom+1","Corpse Explosion+1","Backflip+1"],"special_seed":0,"relics":["Ring of the Snake","Toxic Egg 2","Snake Skull","Orichalcum","Bronze Scales","White Beast Statue","Oddly Smooth Stone","Singing Bowl","Juzu Bracelet","Pear","Lizard Tail","Old Coin","Bag of Marbles","Thread and Needle","The Specimen","Kunai"],"potions_floor_usage":[55,55,55,55],"damage_taken":[{"damage":0.0,"enemies":"Jaw Worm","floor":1.0,"turns":5.0},{"damage":0.0,"enemies":"2 Louse","floor":3.0,"turns":2.0},{"damage":0.0,"enemies":"Small Slimes","floor":4.0,"turns":4.0},{"damage":12.0,"enemies":"Gremlin Nob","floor":6.0,"turns":5.0},{"damage":2.0,"enemies":"3 Louse","floor":11.0,"turns":3.0},{"damage":36.0,"enemies":"Hexaghost","floor":16.0,"turns":6.0},{"damage":0.0,"enemies":"3 Byrds","floor":18.0,"turns":4.0},{"damage":0.0,"enemies":"Spheric Guardian","floor":21.0,"turns":2.0},{"damage":5.0,"enemies":"Book of Stabbing","floor":24.0,"turns":3.0},{"damage":0.0,"enemies":"Cultist and Chosen","floor":27.0,"turns":3.0},{"damage":10.0,"enemies":"Shelled Parasite and Fungi","floor":29.0,"turns":4.0},{"damage":0.0,"enemies":"Centurion and Healer","floor":30.0,"turns":5.0},{"damage":8.0,"enemies":"Snake Plant","floor":31.0,"turns":3.0},{"damage":48.0,"enemies":"Collector","floor":33.0,"turns":6.0},{"damage":0.0,"enemies":"3 Shapes","floor":35.0,"turns":3.0},{"damage":15.0,"enemies":"Orb Walker","floor":37.0,"turns":4.0},{"damage":2.0,"enemies":"Jaw Worm Horde","floor":38.0,"turns":2.0},{"damage":31.0,"enemies":"2 Orb Walkers","floor":41.0,"turns":3.0},{"damage":2.0,"enemies":"Mind Bloom Boss Battle","floor":46.0,"turns":5.0},{"damage":4.0,"enemies":"Writhing Mass","floor":48.0,"turns":4.0},{"damage":75.0,"enemies":"Time Eater","floor":50.0,"turns":9.0},{"damage":88.0,"enemies":"Shield and Spear","floor":54.0,"turns":6.0},{"damage":81,"enemies":"The Heart","floor":55,"turns":8}],"seed_played":"1255086121318821253","potions_obtained":[{"floor":4.0,"key":"EssenceOfSteel"},{"floor":11.0,"key":"Regen Potion"},{"floor":18.0,"key":"LiquidBronze"},{"floor":21.0,"key":"Swift Potion"},{"floor":24.0,"key":"Swift Potion"},{"floor":27.0,"key":"FearPotion"},{"floor":29.0,"key":"SpeedPotion"},{"floor":30.0,"key":"SteroidPotion"},{"floor":31.0,"key":"Poison Potion"},{"floor":33.0,"key":"Poison Potion"},{"floor":35.0,"key":"Fruit Juice"},{"floor":37.0,"key":"Block Potion"},{"floor":38.0,"key":"GamblersBrew"},{"floor":41.0,"key":"EssenceOfSteel"},{"floor":48.0,"key":"Swift Potion"},{"floor":54.0,"key":"PowerPotion"}],"is_trial":false,"path_per_floor":["M","?","M","M","?","E","R","?","T","$","M","?","R","?","R","B",null,"M","?","$","M","T","R","E","R","T","M","R","M","M","M","R","B",null,"M","$","M","M","$","R","?","?","T","$","R","?","$","M","R","B",null,"R","$","E","B",null],"character_chosen":"THE_SILENT","items_purchased":["Bouncing Flask+1","Catalyst+1","Oddly Smooth Stone","Noxious Fumes","Crippling Poison+1","PowerPotion","Bag of Marbles","The Specimen","Envenom","LiquidBronze","Backflip+1"],"campfire_rested":4,"item_purchase_floors":[10,10,20,36,39,39,44,47,47,53,53],"current_hp_per_floor":[77,66,66,66,71,59,82,64,64,64,62,62,62,62,82,46,82,82,82,82,82,82,82,77,77,87,89,89,93,93,87,87,39,98,105,105,92,92,92,92,61,61,61,61,93,93,93,89,111,36,111,111,111,25,2],"gold":51,"neow_bonus":"TEN_PERCENT_HP_BONUS","is_prod":false,"is_daily":false,"chose_seed":false,"campfire_upgraded":6,"win_rate":0,"timestamp":1551430699,"path_taken":["M","?","M","M","?","E","R","?","T","$","M","?","R","?","R","BOSS","M","?","$","M","?","R","E","R","T","M","R","M","M","M","R","BOSS","M","$","M","M","$","R","?","?","T","?","R","?","$","M","R","BOSS","R","$","E","BOSS"],"build_version":"2019-01-23","purchased_purges":0,"victory":true,"max_hp_per_floor":[77,77,77,77,82,82,82,82,82,82,82,82,82,82,82,82,82,82,82,82,82,82,82,82,82,92,94,94,96,96,98,98,98,98,105,105,107,109,109,109,109,109,109,109,109,111,111,111,111,111,111,111,111,113,113],"card_choices":[{"not_picked":["Backflip","Quick Slash"],"picked":"Poisoned Stab","floor":1.0},{"not_picked":["Quick Slash","Dagger Throw","Expertise"],"picked":"SKIP","floor":3.0},{"not_picked":["Underhanded Strike","Cloak And Dagger"],"picked":"Noxious Fumes","floor":4.0},{"not_picked":["Terror","Well Laid Plans","Accuracy"],"picked":"SKIP","floor":6.0},{"not_picked":["Slice","Sucker Punch"],"picked":"Footwork","floor":11.0},{"not_picked":["Wraith Form v2","Malaise+1"],"picked":"Venomology+1","floor":16.0},{"not_picked":["Slice","Dodge and Roll+1","Outmaneuver+1"],"picked":"SKIP","floor":18.0},{"not_picked":["Dagger Throw+1","Prepared+1"],"picked":"Backstab","floor":21.0},{"not_picked":["Bane","Unload"],"picked":"Backstab","floor":24.0},{"not_picked":["Flying Knee","Bane","PiercingWail+1"],"picked":"Singing Bowl","floor":27.0},{"not_picked":["Outmaneuver+1","Dodge and Roll+1","Riddle With Holes+1"],"picked":"Singing Bowl","floor":29.0},{"not_picked":["Phantasmal Killer+1","Outmaneuver+1"],"picked":"Caltrops","floor":30.0},{"not_picked":["All Out Attack","Flechettes+1","Dodge and Roll+1"],"picked":"Singing Bowl","floor":31.0},{"not_picked":["Doppelganger+1","Envenom"],"picked":"Corpse Explosion+1","floor":33.0},{"not_picked":["Eviscerate+1","Flying Knee","Quick Slash"],"picked":"Singing Bowl","floor":35.0},{"not_picked":["Sucker Punch+1","PiercingWail+1","Riddle With Holes+1"],"picked":"Singing Bowl","floor":37.0},{"not_picked":["Finisher+1","Terror+1","Backflip+1"],"picked":"Singing Bowl","floor":38.0},{"not_picked":["Outmaneuver+1","Poisoned Stab"],"picked":"Crippling Poison+1","floor":41.0},{"not_picked":["Well Laid Plans","Acrobatics+1","Backflip+1"],"picked":"Singing Bowl","floor":46.0},{"not_picked":["Prepared+1","Flying Knee"],"picked":"Corpse Explosion+1","floor":48.0},{"not_picked":["Acrobatics+1","Backstab","Corpse Explosion+1"],"picked":"Singing Bowl","floor":54.0}],"player_experience":1008253,"relics_obtained":[{"floor":6.0,"key":"Toxic Egg 2"},{"floor":9.0,"key":"Orichalcum"},{"floor":22.0,"key":"Singing Bowl"},{"floor":24.0,"key":"Juzu Bracelet"},{"floor":26.0,"key":"Pear"},{"floor":41.0,"key":"Old Coin"},{"floor":46.0,"key":"Thread and Needle"},{"floor":54.0,"key":"Kunai"}],"event_choices":[{"damage_healed":0.0,"max_hp_gain":0.0,"max_hp_loss":0.0,"gold_gain":75.0,"event_name":"World of Goop","player_choice":"Gather Gold","floor":2.0,"gold_loss":0.0,"damage_taken":11.0},{"damage_healed":0.0,"max_hp_gain":5.0,"max_hp_loss":0.0,"gold_gain":0.0,"event_name":"Big Fish","player_choice":"Donut","floor":5.0,"gold_loss":0.0,"damage_taken":0.0},{"damage_healed":0.0,"max_hp_gain":0.0,"max_hp_loss":0.0,"gold_gain":0.0,"event_name":"Scrap Ooze","player_choice":"Success","floor":8.0,"gold_loss":0.0,"damage_taken":18.0,"relics_obtained":["Snake Skull"]},{"damage_healed":0.0,"max_hp_gain":0.0,"max_hp_loss":0.0,"gold_gain":0.0,"event_name":"Shining Light","player_choice":"Ignored","floor":12.0,"gold_loss":0.0,"damage_taken":0.0},{"damage_healed":0.0,"max_hp_gain":0.0,"max_hp_loss":0.0,"gold_gain":0.0,"event_name":"Dead Adventurer","player_choice":"Searched \u00271\u0027 times","floor":14.0,"gold_loss":0.0,"damage_taken":0.0,"relics_obtained":["Bronze Scales"]},{"damage_healed":0.0,"max_hp_gain":0.0,"max_hp_loss":0.0,"gold_gain":0.0,"event_name":"The Library","player_choice":"Read","floor":19.0,"gold_loss":0.0,"damage_taken":0.0,"cards_obtained":["Caltrops"]},{"damage_healed":0.0,"max_hp_gain":0.0,"max_hp_loss":0.0,"gold_gain":0.0,"event_name":"Mysterious Sphere","player_choice":"Fight","floor":41.0,"gold_loss":0.0,"damage_taken":0.0},{"damage_healed":0.0,"max_hp_gain":0.0,"max_hp_loss":0.0,"gold_gain":0.0,"event_name":"Tomb of Lord Red Mask","player_choice":"Ignored","floor":42.0,"gold_loss":0.0,"damage_taken":0.0},{"damage_healed":0.0,"max_hp_gain":0.0,"max_hp_loss":0.0,"gold_gain":0.0,"event_name":"MindBloom","player_choice":"Fight","floor":46.0,"gold_loss":0.0,"damage_taken":0.0}],"is_beta":false,"boss_relics":[{"not_picked":["Orrery","Ectoplasm"],"picked":"White Beast Statue"},{"not_picked":["Cursed Key","Calling Bell"],"picked":"Lizard Tail"}],"items_purged_floors":[],"is_endless":false,"potions_floor_spawned":[4,11,18,21,24,27,29,30,31,33,35,37,38,41,46,48,54],"ascension_level":0}