{"gold_per_floor":[116,167,167,39,56,56,87,87,113,123,153,153,216,227,227,299,299,314,364,397,397,414,414,427,438,461,272,55,55,55,82,82,160,160,176,176,196,214,214,239,239,249,249,276,289,303,303,525,525,525,525,525,525,23,48,48],"floor_reached":57,"playtime":3013,"items_purged":["Strike_R","Strike_R","Bash+1"],"score":3081,"play_id":"5ed42c35-2ee2-4aaa-8eb6-769abd556d09","local_time":"20190627201537","is_ascension_mode":true,"campfire_choices":[{"data":"Bash","floor":6.0,"key":"SMITH"},{"data":"Headbutt","floor":8.0,"key":"SMITH"},{"floor":15.0,"key":"REST"},{"floor":23.0,"key":"REST"},{"floor":30.0,"key":"REST"},{"floor":32.0,"key":"REST"},{"data":"Barricade","floor":41.0,"key":"SMITH"},{"data":"Pommel Strike","floor":47.0,"key":"SMITH"},{"floor":49.0,"key":"RECALL"},{"data":"True Grit","floor":53,"key":"SMITH"}],"neow_cost":"NONE","seed_source_timestamp":62726624235400,"circlet_count":0,"master_deck":["AscendersBane","Defend_R","Defend_R","Defend_R","Defend_R","Impervious+1","Metallicize+1","Rampage+1","Headbutt+1","Ghostly Armor","Shrug It Off","Shockwave","Offering","True Grit+1","Burning Pact","Shrug It Off","Feel No Pain","Ghostly","Ghostly","Ghostly","Barricade+1","Corruption","Deep Breath","Disarm","Pommel Strike+1","Feel No Pain","Sentinel","Pommel Strike+1"],"special_seed":0,"relics":["Astrolabe","Sundial","Juzu Bracelet","Strawberry","Tiny Chest","Runic Cube","Red Mask","Blood Vial","TheAbacus","Bag of Preparation","Cursed Key","Meat on the Bone","Smiling Mask","Oddly Smooth Stone","Kunai","Ginger"],"potions_floor_usage":[56],"damage_taken":[{"damage":0.0,"enemies":"Cultist","floor":1.0,"turns":4.0},{"damage":3.0,"enemies":"Jaw Worm","floor":5.0,"turns":5.0},{"damage":9.0,"enemies":"3 Sentries","floor":7.0,"turns":10.0},{"damage":0.0,"enemies":"2 Louse","floor":10.0,"turns":3.0},{"damage":14.0,"enemies":"Lagavulin","floor":11.0,"turns":8.0},{"damage":8.0,"enemies":"3 Sentries","floor":13.0,"turns":9.0},{"damage":5.0,"enemies":"Gremlin Gang","floor":14.0,"turns":5.0},{"damage":6.0,"enemies":"The Guardian","floor":16.0,"turns":11.0},{"damage":28.0,"enemies":"Chosen","floor":18.0,"turns":4.0},{"damage":39.0,"enemies":"Masked Bandits","floor":20.0,"turns":5.0},{"damage":6.0,"enemies":"Spheric Guardian","floor":22.0,"turns":5.0},{"damage":9.0,"enemies":"Centurion and Healer","floor":24.0,"turns":5.0},{"damage":15.0,"enemies":"Chosen and Byrds","floor":25.0,"turns":6.0},{"damage":15.0,"enemies":"Collector","floor":33.0,"turns":9.0},{"damage":6.0,"enemies":"Orb Walker","floor":35.0,"turns":6.0},{"damage":7.0,"enemies":"3 Darklings","floor":37.0,"turns":7.0},{"damage":3.0,"enemies":"Maw","floor":38.0,"turns":10.0},{"damage":4.0,"enemies":"Nemesis","floor":40.0,"turns":14.0},{"damage":1.0,"enemies":"Sphere and 2 Shapes","floor":42.0,"turns":6.0},{"damage":2.0,"enemies":"Giant Head","floor":44.0,"turns":9.0},{"damage":1.0,"enemies":"3 Darklings","floor":45.0,"turns":6.0},{"damage":1.0,"enemies":"4 Shapes","floor":46.0,"turns":7.0},{"damage":1.0,"enemies":"Awakened One","floor":50.0,"turns":7.0},{"damage":1,"enemies":"Time Eater","floor":51,"turns":14},{"damage":35,"enemies":"Shield and Spear","floor":55,"turns":9},{"damage":1,"enemies":"The Heart","floor":56,"turns":9}],"seed_played":"-6843590152908759409","potions_obtained":[{"floor":1.0,"key":"Energy Potion"},{"floor":11.0,"key":"LiquidBronze"},{"floor":12.0,"key":"SkillPotion"},{"floor":18.0,"key":"Energy Potion"},{"floor":24.0,"key":"EntropicBrew"},{"floor":33.0,"key":"FearPotion"},{"floor":38.0,"key":"SteroidPotion"},{"floor":44.0,"key":"Ancient Potion"},{"floor":45.0,"key":"SmokeBomb"}],"is_trial":false,"path_per_floor":["M","T","?","$","M","R","E","R","T","M","E","?","E","M","R","B",null,"M","?","?","?","M","R","M","M","T","$","$","?","R","T","R","B",null,"M","?","M","M","?","E","R","M","T","E","M","M","R","?","R","B","B",null,"R","$","E","B",null],"character_chosen":"IRONCLAD","items_purchased":["Headbutt","Feel No Pain","TheAbacus","Oddly Smooth Stone","Kunai"],"campfire_rested":4,"item_purchase_floors":[4,27,28,54,54],"current_hp_per_floor":[68,68,68,68,65,65,56,56,56,56,49,49,41,36,60,54,75,47,47,8,8,2,26,17,2,2,2,2,2,14,14,26,13,34,30,30,25,24,19,17,17,30,30,30,31,32,32,32,32,33,34,39,39,39,18,31],"gold":48,"neow_bonus":"BOSS_RELIC","is_prod":false,"is_daily":false,"chose_seed":false,"campfire_upgraded":5,"win_rate":0,"timestamp":1561634137,"path_taken":["M","?","?","?","M","R","E","R","T","M","E","?","E","M","R","BOSS","M","?","?","?","M","R","M","M","T","?","$","?","R","?","R","BOSS","M","?","M","M","?","E","R","M","T","E","M","M","R","?","R","BOSS","BOSS","R","$","E","BOSS"],"build_version":"2019-01-23","purchased_purges":3,"victory":true,"max_hp_per_floor":[75,75,75,75,75,75,75,75,75,75,82,82,82,82,82,82,82,82,82,82,82,82,82,82,82,82,82,82,41,41,41,41,41,41,41,41,41,41,41,41,41,41,41,41,41,41,41,41,41,41,41,41,41,41,41,41],"card_choices":[{"not_picked":["Heavy Blade","Reckless Charge","Clash"],"picked":"SKIP","floor":1.0},{"not_picked":["Headbutt","Flex"],"picked":"Ghostly Armor","floor":5.0},{"not_picked":["Cleave","Sever Soul","Double Tap"],"picked":"SKIP","floor":7.0},{"not_picked":["Flame Barrier","Rampage","Infernal Blade"],"picked":"SKIP","floor":10.0},{"not_picked":["Clash","Flex"],"picked":"Shrug It Off","floor":11.0},{"not_picked":["Sword Boomerang","Cleave"],"picked":"Shockwave","floor":13.0},{"not_picked":["Entrench","Heavy Blade","Headbutt"],"picked":"SKIP","floor":14.0},{"not_picked":["Feed","Demon Form"],"picked":"Offering","floor":16.0},{"not_picked":["Searing Blow+1","Perfected Strike","Havoc"],"picked":"SKIP","floor":18.0},{"not_picked":["Armaments","Combust","Clothesline"],"picked":"SKIP","floor":22.0},{"not_picked":["True Grit","Bloodletting"],"picked":"Burning Pact","floor":24.0},{"not_picked":["Anger","Cleave+1"],"picked":"Shrug It Off","floor":25.0},{"not_picked":["Demon Form","Reaper"],"picked":"Barricade","floor":33.0},{"not_picked":["Havoc","Twin Strike"],"picked":"Corruption","floor":35.0},{"not_picked":["Corruption","Anger","Whirlwind"],"picked":"SKIP","floor":37.0},{"not_picked":["Rage","Combust+1","Hemokinesis"],"picked":"SKIP","floor":38.0},{"not_picked":["Dramatic Entrance","Bandage Up"],"picked":"Deep Breath","floor":39.0},{"not_picked":["Cleave","Twin Strike"],"picked":"Disarm","floor":40.0},{"not_picked":["Clash","Anger"],"picked":"Pommel Strike","floor":42.0},{"not_picked":["Iron Wave+1","Double Tap","Warcry"],"picked":"SKIP","floor":44.0},{"not_picked":["Twin Strike","Shrug It Off"],"picked":"Feel No Pain","floor":45.0},{"not_picked":["Inflame","Warcry"],"picked":"Sentinel","floor":46.0},{"not_picked":["Spot Weakness","Uppercut"],"picked":"Pommel Strike+1","floor":55}],"player_experience":835835,"relics_obtained":[{"floor":7.0,"key":"Sundial"},{"floor":9.0,"key":"Juzu Bracelet"},{"floor":11.0,"key":"Strawberry"},{"floor":13.0,"key":"Tiny Chest"},{"floor":20.0,"key":"Red Mask"},{"floor":26.0,"key":"Blood Vial"},{"floor":31.0,"key":"Bag of Preparation"},{"floor":40.0,"key":"Meat on the Bone"},{"floor":44.0,"key":"Smiling Mask"},{"floor":55,"key":"Ginger"}],"event_choices":[{"damage_healed":0.0,"max_hp_gain":0.0,"max_hp_loss":0.0,"gold_gain":0.0,"event_name":"Liars Game","player_choice":"Ignored","floor":3.0,"gold_loss":0.0,"damage_taken":0.0},{"damage_healed":0.0,"max_hp_gain":0.0,"max_hp_loss":0.0,"gold_gain":0.0,"event_name":"Lab","player_choice":"Got Potions","floor":12.0,"gold_loss":0.0,"damage_taken":0.0},{"damage_healed":0.0,"max_hp_gain":0.0,"max_hp_loss":0.0,"gold_gain":50.0,"event_name":"Nest","player_choice":"Stole From Cult","floor":19.0,"gold_loss":0.0,"damage_taken":0.0},{"damage_healed":0.0,"max_hp_gain":0.0,"max_hp_loss":0.0,"gold_gain":0.0,"event_name":"Masked Bandits","player_choice":"Fought Bandits","floor":20.0,"gold_loss":0.0,"damage_taken":0.0},{"damage_healed":0.0,"max_hp_gain":0.0,"max_hp_loss":0.0,"gold_gain":0.0,"event_name":"The Library","player_choice":"Read","floor":21.0,"gold_loss":0.0,"damage_taken":0.0,"cards_obtained":["True Grit"]},{"damage_healed":0.0,"max_hp_gain":0.0,"max_hp_loss":41.0,"gold_gain":0.0,"event_name":"Ghosts","player_choice":"Became a Ghost","floor":29.0,"gold_loss":0.0,"damage_taken":0.0,"cards_obtained":["Ghostly","Ghostly","Ghostly"]},{"damage_healed":0.0,"max_hp_gain":0.0,"max_hp_loss":0.0,"gold_gain":0.0,"event_name":"Mysterious Sphere","player_choice":"Ignored","floor":36.0,"gold_loss":0.0,"damage_taken":0.0},{"damage_healed":0.0,"max_hp_gain":0.0,"max_hp_loss":0.0,"gold_gain":0.0,"event_name":"SensoryStone","player_choice":"Memory 2","floor":39.0,"gold_loss":0.0,"damage_taken":5.0},{"damage_healed":0.0,"max_hp_gain":0.0,"max_hp_loss":0.0,"gold_gain":222.0,"event_name":"Tomb of Lord Red Mask","player_choice":"Wore Mask","floor":48.0,"gold_loss":0.0,"damage_taken":0.0}],"is_beta":false,"boss_relics":[{"not_picked":["Snecko Eye","Ectoplasm"],"picked":"Runic Cube"},{"not_picked":["Philosopher\u0027s Stone","Calling Bell"],"picked":"Cursed Key"}],"items_purged_floors":[4,27,54],"is_endless":false,"potions_floor_spawned":[1,11,13,18,24,33,38,42,44,45,55],"ascension_level":20}