{"gold_per_floor":[20,20,20,20,96,96,131,131,131,144,144,170,191,270,270,369,369,385,409,409,25,50,50],"floor_reached":23,"playtime":609,"items_purged":["Strike_R"],"score":374,"play_id":"2ba03b3c-05cb-4a35-85f3-06802863b500","local_time":"20190725080123","is_ascension_mode":true,"campfire_choices":[{"floor":6,"key":"REST"},{"data":"Immolate","floor":8,"key":"SMITH"},{"data":"Bash","floor":15,"key":"SMITH"}],"neow_cost":"NO_GOLD","seed_source_timestamp":491534868421300,"circlet_count":0,"master_deck":["AscendersBane","Strike_R","Defend_R","Defend_R","Defend_R","Defend_R","Bash+1","Immolate+1","Shrug It Off+1","Second Wind+1","Dark Embrace","Demon Form","Anger+1","Sword Boomerang","Bloodletting+1","Impervious+1","Barricade","Body Slam","True Grit+1"],"relics":["Burning Blood","Golden Idol","Toxic Egg 2","Pantograph","Happy Flower","Self Forming Clay","Bag of Preparation","Pen Nib","Runic Dome","Oddly Smooth Stone"],"potions_floor_usage":[16,18],"damage_taken":[{"damage":4,"enemies":"Jaw Worm","floor":1,"turns":4},{"damage":27,"enemies":"3 Sentries","floor":7,"turns":5},{"damage":0,"enemies":"Small Slimes","floor":10,"turns":1},{"damage":0,"enemies":"2 Louse","floor":13,"turns":1},{"damage":0,"enemies":"3 Sentries","floor":14,"turns":4},{"damage":48,"enemies":"Slime Boss","floor":16,"turns":8},{"damage":30,"enemies":"Spheric Guardian","floor":18,"turns":5},{"damage":0,"enemies":"Chosen","floor":19,"turns":3},{"damage":27,"enemies":"Snake Plant","floor":22,"turns":5},{"damage":54,"enemies":"Slavers","floor":23,"turns":4}],"seed_played":"37675978081426525","potions_obtained":[{"floor":10,"key":"BloodPotion"},{"floor":13,"key":"Poison Potion"},{"floor":22,"key":"Weak Potion"}],"is_trial":false,"path_per_floor":["M","?","?","?","T","R","E","R","T","M","?","T","M","?","R","B",null,"M","M","?","$","M","E"],"character_chosen":"IRONCLAD","items_purchased":["Oddly Smooth Stone","Barricade","Body Slam"],"campfire_rested":1,"item_purchase_floors":[21,21,21],"current_hp_per_floor":[70,44,37,11,11,33,12,12,12,18,23,23,29,35,35,18,65,61,67,67,67,46,0],"gold":50,"neow_bonus":"THREE_RARE_CARDS","is_prod":false,"is_daily":false,"chose_seed":false,"campfire_upgraded":2,"win_rate":0,"timestamp":1564009283,"path_taken":["M","?","?","?","?","R","E","R","T","M","?","?","?","?","R","BOSS","M","M","?","$","M","E"],"build_version":"2019-07-17","purchased_purges":1,"victory":false,"max_hp_per_floor":[75,75,75,75,75,75,75,75,75,75,80,80,80,80,80,80,80,80,80,80,80,80,80],"card_choices":[{"not_picked":["Dark Embrace","Exhume"],"picked":"Immolate","floor":0},{"not_picked":["Thunderclap","Perfected Strike","Sword Boomerang"],"picked":"SKIP","floor":1},{"not_picked":["Infernal Blade+1","Rupture"],"picked":"Shrug It Off+1","floor":7},{"not_picked":["Thunderclap","Flex+1"],"picked":"Second Wind+1","floor":10},{"not_picked":["Heavy Blade","True Grit+1"],"picked":"Dark Embrace","floor":13},{"not_picked":["Reaper","Brutality"],"picked":"Demon Form","floor":16},{"not_picked":["Wild Strike","Headbutt"],"picked":"Anger+1","floor":18},{"not_picked":["Twin Strike","Warcry+1"],"picked":"Sword Boomerang","floor":19},{"not_picked":["Rampage+1","Rage+1"],"picked":"True Grit+1","floor":22}],"player_experience":1188157,"relics_obtained":[{"floor":5,"key":"Pantograph"},{"floor":7,"key":"Happy Flower"},{"floor":9,"key":"Self Forming Clay"},{"floor":12,"key":"Bag of Preparation"},{"floor":14,"key":"Pen Nib"}],"event_choices":[{"damage_healed":0,"gold_gain":0,"player_choice":"Take Damage","damage_taken":26,"relics_obtained":["Golden Idol"],"max_hp_gain":0,"max_hp_loss":0,"event_name":"Golden Idol","floor":2,"gold_loss":0},{"cards_removed":["Strike_R"],"damage_healed":0,"gold_gain":0,"player_choice":"Card Removal","damage_taken":7,"max_hp_gain":0,"max_hp_loss":0,"event_name":"Golden Wing","floor":3,"gold_loss":0},{"damage_healed":0,"gold_gain":0,"player_choice":"Success","damage_taken":26,"relics_obtained":["Toxic Egg 2"],"max_hp_gain":0,"max_hp_loss":0,"event_name":"Scrap Ooze","floor":4,"gold_loss":0},{"damage_healed":0,"gold_gain":0,"player_choice":"Donut","damage_taken":0,"max_hp_gain":5,"max_hp_loss":0,"event_name":"Big Fish","floor":11,"gold_loss":0},{"damage_healed":0,"gold_gain":0,"player_choice":"Searched \u00271\u0027 times","damage_taken":0,"max_hp_gain":0,"max_hp_loss":0,"event_name":"Dead Adventurer","floor":14,"gold_loss":0},{"damage_healed":0,"gold_gain":0,"cards_transformed":["Strike_R","Strike_R"],"player_choice":"Became Test Subject","damage_taken":0,"max_hp_gain":0,"max_hp_loss":0,"event_name":"Drug Dealer","floor":20,"gold_loss":0,"cards_obtained":["Bloodletting","Impervious"]}],"is_beta":false,"boss_relics":[{"not_picked":["Busted Crown","Velvet Choker"],"picked":"Runic Dome"}],"items_purged_floors":[21],"is_endless":false,"potions_floor_spawned":[10,13,14,22],"killed_by":"Slavers","ascension_level":20}