{"gold_per_floor":[112,112,128,128,128,128,157,173,197,216,47,47,81,92,92,170,170,184,184,184,31,31,31,62,62,89,89,139,152,187,207,207,285,285,298,309,214,232,232,261,261,290,342,377,377,387,421,436,436,436,436,436,436,18,51,51],"floor_reached":56,"playtime":2238,"items_purged":["Strike_R","Dropkick"],"score":2472,"play_id":"936bbea0-339d-4730-adc0-9bda1b39bef5","local_time":"20190610233845","is_ascension_mode":true,"campfire_choices":[{"data":"Rampage","floor":6,"key":"SMITH"},{"data":"Whirlwind","floor":15,"key":"SMITH"},{"floor":23,"key":"REST"},{"data":"Dark Embrace","floor":25,"key":"SMITH"},{"data":"Corruption","floor":27,"key":"SMITH"},{"data":"Juggernaut","floor":32,"key":"SMITH"},{"data":"True Grit","floor":41,"key":"SMITH"},{"floor":45,"key":"RECALL"},{"floor":49,"key":"REST"},{"data":"Sentinel","floor":53,"key":"SMITH"}],"neow_cost":"NONE","seed_source_timestamp":206308709359200,"circlet_count":0,"master_deck":["AscendersBane","Bash","True Grit+1","Rampage+1","Pommel Strike+1","Whirlwind+1","Dark Embrace+1","Offering","Seeing Red","Intimidate","Corruption+1","Bloodletting+1","Juggernaut+1","Sentinel+1","Offering","Juggernaut","Inflame","Spot Weakness","Exhume","Body Slam+1","Evolve","Warcry","Shrug It Off","Exhume","Burning Pact","Entrench","Juggernaut","Shrug It Off","Ghostly Armor","Ghostly Armor+1"],"relics":["Burning Blood","NeowsBlessing","WarpedTongs","Bag of Marbles","Bronze Scales","PreservedInsect","Omamori","Ornamental Fan","Pear","Runic Pyramid","Nilry\u0027s Codex","Anchor","Oddly Smooth Stone","Vajra","Pandora\u0027s Box","Boot","Bag of Preparation","Art of War","Lantern","Orichalcum","Whetstone"],"potions_floor_usage":[16,33,51,51],"damage_taken":[{"damage":0,"enemies":"Small Slimes","floor":1,"turns":1},{"damage":0,"enemies":"Cultist","floor":3,"turns":1},{"damage":0,"enemies":"Gremlin Nob","floor":7,"turns":1},{"damage":2,"enemies":"2 Louse","floor":8,"turns":3},{"damage":6,"enemies":"Looter","floor":10,"turns":2},{"damage":11,"enemies":"Lagavulin","floor":13,"turns":6},{"damage":3,"enemies":"Blue Slaver","floor":14,"turns":4},{"damage":80,"enemies":"Slime Boss","floor":16,"turns":10},{"damage":26,"enemies":"2 Thieves","floor":18,"turns":4},{"damage":9,"enemies":"Book of Stabbing","floor":24,"turns":4},{"damage":6,"enemies":"Shell Parasite","floor":29,"turns":3},{"damage":9,"enemies":"Slavers","floor":30,"turns":1},{"damage":6,"enemies":"Snake Plant","floor":31,"turns":3},{"damage":29,"enemies":"Collector","floor":33,"turns":5},{"damage":3,"enemies":"3 Darklings","floor":35,"turns":2},{"damage":7,"enemies":"Orb Walker","floor":36,"turns":2},{"damage":15,"enemies":"Maw","floor":38,"turns":3},{"damage":18,"enemies":"Nemesis","floor":40,"turns":3},{"damage":21,"enemies":"Reptomancer","floor":42,"turns":1},{"damage":6,"enemies":"Giant Head","floor":44,"turns":1},{"damage":21,"enemies":"Transient","floor":46,"turns":6},{"damage":0,"enemies":"Nemesis","floor":47,"turns":3},{"damage":12,"enemies":"Jaw Worm Horde","floor":48,"turns":2},{"damage":21,"enemies":"Awakened One","floor":50,"turns":3},{"damage":25,"enemies":"Time Eater","floor":51,"turns":4},{"damage":6,"enemies":"Shield and Spear","floor":55,"turns":1},{"damage":69,"enemies":"The Heart","floor":56,"turns":5}],"seed_played":"350504118515643405","potions_obtained":[{"floor":8,"key":"Poison Potion"},{"floor":10,"key":"EssenceOfSteel"},{"floor":13,"key":"EssenceOfSteel"},{"floor":24,"key":"SteroidPotion"},{"floor":31,"key":"Energy Potion"},{"floor":36,"key":"SkillPotion"},{"floor":40,"key":"Swift Potion"},{"floor":48,"key":"SkillPotion"}],"is_trial":false,"path_per_floor":["M","?","M","?","?","R","E","M","T","M","$","?","E","M","R","B",null,"M","?","?","$","?","R","E","R","T","R","?","M","E","M","R","B",null,"M","M","$","M","?","E","R","E","T","E","R","M","E","M","R","B","B",null,"R","$","E","B"],"character_chosen":"IRONCLAD","items_purchased":["Omamori","Corruption","Dropkick","Shrug It Off","Shrug It Off","Ghostly Armor","Orichalcum"],"campfire_rested":2,"item_purchase_floors":[11,21,37,37,54,54,54],"current_hp_per_floor":[74,74,75,70,70,70,75,75,75,75,75,75,80,83,83,9,66,46,25,25,25,25,50,47,47,47,47,47,47,44,44,44,21,69,72,71,71,62,67,55,55,40,40,40,40,25,31,25,50,35,16,68,68,68,68,0],"gold":51,"neow_bonus":"THREE_ENEMY_KILL","is_prod":false,"is_daily":false,"chose_seed":false,"campfire_upgraded":7,"win_rate":0,"timestamp":1560177525,"path_taken":["M","?","?","?","?","R","E","M","T","M","$","?","E","?","R","BOSS","M","?","?","$","?","R","E","R","T","R","?","?","E","M","R","BOSS","M","M","$","M","?","E","R","E","T","E","R","M","E","M","R","BOSS","BOSS","R","$","E","BOSS"],"build_version":"2019-01-23","purchased_purges":2,"victory":false,"max_hp_per_floor":[75,75,75,75,75,75,75,75,75,75,75,75,85,85,85,85,85,85,85,85,85,85,85,85,85,85,85,85,85,85,85,85,85,85,85,85,85,85,85,85,85,85,85,85,85,85,85,85,85,85,85,85,85,85,85,85],"card_choices":[{"not_picked":["Clothesline","Warcry"],"picked":"True Grit","floor":1},{"not_picked":["Bloodletting","Intimidate"],"picked":"Rampage","floor":3},{"not_picked":["Rupture","Havoc"],"picked":"Pommel Strike","floor":7},{"not_picked":["Iron Wave","Metallicize"],"picked":"Whirlwind","floor":8},{"not_picked":["Burning Pact","Cleave","Headbutt"],"picked":"SKIP","floor":10},{"not_picked":["Pummel","Warcry"],"picked":"Dark Embrace","floor":13},{"not_picked":["Clash","Headbutt","Dropkick"],"picked":"SKIP","floor":14},{"not_picked":["Immolate","Double Tap"],"picked":"Offering","floor":16},{"not_picked":["Ghostly Armor","Rampage"],"picked":"Seeing Red","floor":18},{"not_picked":["Sever Soul","Bloodletting","Anger"],"picked":"SKIP","floor":24},{"not_picked":["Wild Strike","Perfected Strike+1"],"picked":"Bloodletting+1","floor":29},{"not_picked":["Searing Blow+1","Shockwave"],"picked":"Juggernaut","floor":30},{"not_picked":["Wild Strike+1","Havoc"],"picked":"Sentinel","floor":31},{"not_picked":["Exhume","Juggernaut"],"picked":"Offering","floor":33},{"not_picked":["Anger","Clash","Warcry"],"picked":"SKIP","floor":35},{"not_picked":["Anger","Clash"],"picked":"Warcry","floor":35},{"not_picked":["Iron Wave","Cleave","Inflame"],"picked":"SKIP","floor":36},{"not_picked":["Iron Wave","Reckless Charge","Headbutt"],"picked":"SKIP","floor":38},{"not_picked":["Wild Strike","Body Slam+1"],"picked":"Exhume","floor":40},{"not_picked":["Warcry","Heavy Blade","Carnage+1"],"picked":"SKIP","floor":42},{"not_picked":["Immolate","Anger+1"],"picked":"Burning Pact","floor":44},{"not_picked":["Anger+1","Cleave+1","Flex"],"picked":"SKIP","floor":46},{"not_picked":["Cleave","Shrug It Off"],"picked":"Entrench","floor":47},{"not_picked":["Bloodletting","Twin Strike+1"],"picked":"Juggernaut","floor":48},{"not_picked":["Rampage","Clash"],"picked":"Ghostly Armor+1","floor":55}],"player_experience":570011,"relics_obtained":[{"floor":7,"key":"Bronze Scales"},{"floor":9,"key":"PreservedInsect"},{"floor":13,"key":"Pear"},{"floor":19,"key":"Nilry\u0027s Codex"},{"floor":24,"key":"Anchor"},{"floor":26,"key":"Oddly Smooth Stone"},{"floor":30,"key":"Vajra"},{"floor":40,"key":"Boot"},{"floor":42,"key":"Bag of Preparation"},{"floor":44,"key":"Art of War"},{"floor":47,"key":"Lantern"},{"floor":55,"key":"Whetstone"}],"event_choices":[{"damage_healed":0,"gold_gain":0,"player_choice":"Rummage","damage_taken":0,"relics_obtained":["WarpedTongs"],"max_hp_gain":0,"max_hp_loss":0,"event_name":"Accursed Blacksmith","floor":2,"gold_loss":0,"cards_obtained":["Pain"]},{"damage_healed":0,"gold_gain":0,"player_choice":"Success","damage_taken":5,"relics_obtained":["Bag of Marbles"],"max_hp_gain":0,"max_hp_loss":0,"event_name":"Scrap Ooze","floor":4,"gold_loss":0},{"cards_removed":["Pain"],"damage_healed":0,"gold_gain":0,"player_choice":"Forget","damage_taken":0,"max_hp_gain":0,"max_hp_loss":0,"event_name":"Living Wall","floor":5,"gold_loss":0},{"damage_healed":0,"gold_gain":0,"player_choice":"Box","damage_taken":0,"relics_obtained":["Ornamental Fan"],"max_hp_gain":0,"max_hp_loss":0,"event_name":"Big Fish","floor":12,"gold_loss":0,"cards_obtained":["Regret"]},{"damage_healed":0,"gold_gain":0,"player_choice":"Obtained Book","damage_taken":21,"max_hp_gain":0,"max_hp_loss":0,"event_name":"Cursed Tome","floor":19,"gold_loss":0},{"damage_healed":0,"gold_gain":0,"cards_transformed":["Strike_R","Strike_R"],"player_choice":"Became Test Subject","damage_taken":0,"max_hp_gain":0,"max_hp_loss":0,"event_name":"Drug Dealer","floor":20,"gold_loss":0,"cards_obtained":["Clothesline","Intimidate"]},{"damage_healed":0,"gold_gain":0,"player_choice":"Smashed Altar","damage_taken":0,"max_hp_gain":0,"max_hp_loss":0,"event_name":"Forgotten Altar","floor":22,"gold_loss":0,"cards_obtained":["Decay"]},{"damage_healed":0,"gold_gain":50,"player_choice":"Stole From Cult","damage_taken":0,"max_hp_gain":0,"max_hp_loss":0,"event_name":"Nest","floor":28,"gold_loss":0},{"cards_removed":["Clothesline"],"damage_healed":5,"gold_gain":0,"player_choice":"Offered Common","damage_taken":0,"max_hp_gain":0,"max_hp_loss":0,"event_name":"Bonfire Elementals","floor":39,"gold_loss":0},{"cards_removed":["Clothesline"],"damage_healed":5,"gold_gain":0,"player_choice":"Offered Special","damage_taken":0,"max_hp_gain":0,"max_hp_loss":0,"event_name":"Bonfire Elementals","floor":39,"gold_loss":0}],"is_beta":false,"boss_relics":[{"not_picked":["Runic Cube","Black Blood"],"picked":"Runic Pyramid"},{"not_picked":["Runic Dome","Coffee Dripper"],"picked":"Pandora\u0027s Box"}],"items_purged_floors":[21,54],"is_endless":false,"potions_floor_spawned":[8,10,13,14,24,31,36,40,47,48],"killed_by":"The Heart","ascension_level":20}