{"gold_per_floor":[11,23,37,37,37,37,75,75,152,152],"floor_reached":10,"playtime":485,"items_purged":[],"score":132,"play_id":"781505a5-618d-4bf3-b5cd-501779a983a9","local_time":"20190713011735","is_ascension_mode":true,"campfire_choices":[{"floor":6,"key":"REST"},{"floor":8,"key":"REST"}],"neow_cost":"NO_GOLD","seed_source_timestamp":172693485736242,"circlet_count":0,"master_deck":["AscendersBane","Strike_G","Strike_G","Strike_G","Strike_G","Strike_G","Defend_G","Defend_G","Defend_G","Defend_G","Defend_G","Survivor","Neutralize","A Thousand Cuts","Escape Plan","Sucker Punch","Deadly Poison","Prepared"],"relics":["Ring of the Snake","Golden Idol","Regal Pillow","Snake Skull","Singing Bowl"],"potions_floor_usage":[10],"damage_taken":[{"damage":0,"enemies":"2 Louse","floor":1,"turns":4},{"damage":1,"enemies":"Cultist","floor":2,"turns":4},{"damage":1,"enemies":"Small Slimes","floor":3,"turns":4},{"damage":28,"enemies":"Lagavulin","floor":7,"turns":10},{"damage":37,"enemies":"3 Sentries","floor":10,"turns":9}],"seed_played":"1201460616002806794","potions_obtained":[{"floor":1,"key":"GamblersBrew"}],"is_trial":false,"path_per_floor":["M","M","M","?","?","R","E","R","T","E"],"character_chosen":"THE_SILENT","items_purchased":[],"campfire_rested":2,"item_purchase_floors":[],"current_hp_per_floor":[59,58,57,57,1,34,6,39,39,2],"gold":152,"neow_bonus":"THREE_RARE_CARDS","is_prod":false,"is_daily":false,"chose_seed":false,"campfire_upgraded":0,"win_rate":0,"timestamp":1562973455,"path_taken":["M","M","M","?","?","R","E","R","T","E"],"build_version":"2019-07-05","purchased_purges":0,"victory":false,"max_hp_per_floor":[66,66,66,60,60,60,60,60,60,60],"card_choices":[{"not_picked":["Malaise","Storm of Steel"],"picked":"A Thousand Cuts","floor":0},{"not_picked":["Underhanded Strike","Poisoned Stab"],"picked":"Escape Plan","floor":1},{"not_picked":["Blur","Distraction"],"picked":"Sucker Punch","floor":2},{"not_picked":["Slice","Deflect"],"picked":"Deadly Poison","floor":3},{"not_picked":["Deflect","Riddle With Holes"],"picked":"Prepared","floor":7}],"player_experience":1234123,"relics_obtained":[{"floor":7,"key":"Snake Skull"},{"floor":9,"key":"Singing Bowl"}],"event_choices":[{"damage_healed":0,"gold_gain":0,"player_choice":"Lose Max HP","damage_taken":0,"relics_obtained":["Golden Idol"],"max_hp_gain":0,"max_hp_loss":6,"event_name":"Golden Idol","floor":4,"gold_loss":0},{"damage_healed":0,"gold_gain":0,"player_choice":"Success","damage_taken":56,"relics_obtained":["Regal Pillow"],"max_hp_gain":0,"max_hp_loss":0,"event_name":"Scrap Ooze","floor":5,"gold_loss":0}],"is_beta":false,"boss_relics":[],"items_purged_floors":[],"is_endless":false,"potions_floor_spawned":[1],"killed_by":"3 Sentries","ascension_level":20}