{"gold_per_floor":[15,28,39,52,127,156,256,256,332,366,382,382,332,350,350,447,447,463,341,361,361,371,404,404,431,476,476,501,501,501,515,515,612,612,631,681,681,490,501,501,511,310,310,345,254,254,285,301,301,301],"floor_reached":51,"playtime":1331,"items_purged":[],"score":898,"play_id":"c965e582-8175-4a9b-ac75-0e743f1a0e94","local_time":"20190609205302","is_ascension_mode":false,"campfire_choices":[{"data":"Perfected Strike","floor":8,"key":"SMITH"},{"data":"Bash","floor":12,"key":"SMITH"},{"data":"Disarm","floor":15,"key":"SMITH"},{"data":"Perfected Strike","floor":24,"key":"SMITH"},{"floor":27,"key":"REST"},{"floor":30,"key":"REST"},{"data":"Armaments","floor":32,"key":"SMITH"},{"data":"Barricade","floor":40,"key":"SMITH"},{"floor":46,"key":"REST"},{"floor":49,"key":"REST"}],"neow_cost":"NO_GOLD","seed_source_timestamp":110864706570600,"circlet_count":0,"master_deck":["Strike_R","Strike_R","Strike_R","Strike_R","Strike_R","Defend_R","Defend_R","Defend_R","Defend_R","Bash+1","Barricade+1","Perfected Strike+1","Disarm+1","Corruption","Pommel Strike","Twin Strike+1","Exhume","Armaments+1","Wild Strike","Evolve","Perfected Strike+1","Armaments+1","Spot Weakness+1","Feed+1","Shockwave","Necronomicurse","Rage","Feel No Pain","Feel No Pain","Twin Strike","Perfected Strike+1","Pommel Strike","Demon Form","Perfected Strike","Shrug It Off","Entrench+1","Sword Boomerang+1"],"relics":["Burning Blood","Pocketwatch","Gremlin Horn","Pen Nib","Vajra","Sozu","Ice Cream","Whetstone","Centennial Puzzle","Champion Belt","Necronomicon","Runic Dome","Gambling Chip","Lantern","PreservedInsect","Mummified Hand","Happy Flower","Ancient Tea Set"],"potions_floor_usage":[10,16,16,50],"damage_taken":[{"damage":5,"enemies":"Small Slimes","floor":1,"turns":4},{"damage":6,"enemies":"Cultist","floor":2,"turns":3},{"damage":1,"enemies":"2 Louse","floor":3,"turns":3},{"damage":10,"enemies":"Looter","floor":4,"turns":2},{"damage":53,"enemies":"3 Sentries","floor":6,"turns":9},{"damage":14,"enemies":"Gremlin Nob","floor":10,"turns":3},{"damage":1,"enemies":"Exordium Wildlife","floor":11,"turns":3},{"damage":1,"enemies":"Lots of Slimes","floor":14,"turns":3},{"damage":0,"enemies":"Hexaghost","floor":16,"turns":7},{"damage":5,"enemies":"Chosen","floor":18,"turns":4},{"damage":0,"enemies":"Spheric Guardian","floor":20,"turns":3},{"damage":0,"enemies":"Snecko","floor":22,"turns":4},{"damage":22,"enemies":"Gremlin Leader","floor":23,"turns":4},{"damage":25,"enemies":"Book of Stabbing","floor":25,"turns":4},{"damage":23,"enemies":"Slavers","floor":28,"turns":5},{"damage":5,"enemies":"Centurion and Healer","floor":31,"turns":3},{"damage":16,"enemies":"Champ","floor":33,"turns":8},{"damage":2,"enemies":"Orb Walker","floor":35,"turns":2},{"damage":22,"enemies":"2 Orb Walkers","floor":36,"turns":2},{"damage":22,"enemies":"3 Shapes","floor":39,"turns":4},{"damage":12,"enemies":"Spire Growth","floor":41,"turns":3},{"damage":1,"enemies":"Reptomancer","floor":44,"turns":3},{"damage":45,"enemies":"Nemesis","floor":47,"turns":3},{"damage":12,"enemies":"Writhing Mass","floor":48,"turns":3},{"damage":46,"enemies":"Awakened One","floor":50,"turns":5}],"seed_played":"7981545480166598858","potions_obtained":[{"floor":4,"key":"AttackPotion"},{"floor":6,"key":"BloodPotion"},{"floor":10,"key":"Block Potion"},{"floor":11,"key":"PowerPotion"}],"is_trial":false,"path_per_floor":["M","M","M","M","?","E","?","R","T","E","M","R","?","M","R","B",null,"M","$","M","?","M","E","R","E","T","R","E","?","R","M","R","B",null,"M","?","?","$","M","R","M","$","T","E","$","R","E","M","R","B",null],"character_chosen":"IRONCLAD","items_purchased":["Wild Strike","Evolve","Lantern","Twin Strike","PreservedInsect","Pommel Strike","Perfected Strike","Shrug It Off"],"campfire_rested":4,"item_purchase_floors":[19,19,38,38,42,42,45,45],"current_hp_per_floor":[80,80,80,76,65,18,18,18,18,18,23,23,23,28,28,34,80,80,80,80,80,80,64,64,45,45,69,56,40,65,70,70,60,88,88,72,72,72,60,60,54,54,54,59,59,86,47,41,68,28],"gold":301,"neow_bonus":"THREE_RARE_CARDS","is_prod":false,"is_daily":false,"chose_seed":false,"campfire_upgraded":6,"win_rate":0,"timestamp":1560081182,"path_taken":["M","M","M","M","?","E","?","R","T","E","?","R","?","M","R","BOSS","M","$","M","?","M","E","R","E","T","R","E","?","R","M","R","BOSS","M","?","?","?","M","R","?","$","T","E","$","R","E","M","R","BOSS"],"build_version":"2019-01-23","purchased_purges":0,"victory":true,"max_hp_per_floor":[80,80,80,80,80,80,80,80,80,80,80,80,80,80,80,80,80,80,80,80,80,80,80,80,80,80,80,84,84,84,88,88,88,88,88,88,88,88,92,92,92,92,92,92,92,92,92,92,92,92],"card_choices":[{"not_picked":["Exhume","Brutality"],"picked":"Barricade","floor":0},{"not_picked":["True Grit","Uppercut"],"picked":"Perfected Strike","floor":1},{"not_picked":["Fire Breathing","Dual Wield"],"picked":"Disarm","floor":2},{"not_picked":["Wild Strike","Havoc","Clothesline"],"picked":"SKIP","floor":3},{"not_picked":["Havoc","Sentinel"],"picked":"Corruption","floor":4},{"not_picked":["Uppercut","Sentinel"],"picked":"Pommel Strike","floor":6},{"not_picked":["Body Slam","Heavy Blade","Cleave"],"picked":"SKIP","floor":10},{"not_picked":["Sword Boomerang","Heavy Blade","Fiend Fire"],"picked":"SKIP","floor":11},{"not_picked":["Iron Wave","Second Wind"],"picked":"Twin Strike","floor":14},{"not_picked":["Barricade","Berserk"],"picked":"Exhume","floor":16},{"not_picked":["Flame Barrier","Battle Trance"],"picked":"Armaments+1","floor":18},{"not_picked":["Armaments","Iron Wave"],"picked":"Perfected Strike","floor":20},{"not_picked":["Havoc+1","Headbutt"],"picked":"Armaments","floor":22},{"not_picked":["Headbutt+1","Intimidate+1"],"picked":"Spot Weakness+1","floor":23},{"not_picked":["Armaments+1","Seeing Red"],"picked":"Feed","floor":25},{"not_picked":["Reckless Charge","Rampage+1"],"picked":"Shockwave","floor":28},{"not_picked":["Searing Blow","Iron Wave+1"],"picked":"Rage","floor":31},{"not_picked":["Bludgeon","Limit Break"],"picked":"Juggernaut","floor":33},{"not_picked":["Carnage+1","Pummel"],"picked":"Feel No Pain","floor":35},{"not_picked":["Intimidate+1","Burning Pact+1"],"picked":"Feel No Pain","floor":36},{"not_picked":["Corruption","Havoc","Blood for Blood"],"picked":"SKIP","floor":39},{"not_picked":["Warcry+1","Headbutt+1"],"picked":"Perfected Strike+1","floor":41},{"not_picked":["Flex+1","Sword Boomerang"],"picked":"Demon Form","floor":44},{"not_picked":["Cleave+1","Flex"],"picked":"Entrench+1","floor":47},{"not_picked":["Armaments+1","Ghostly Armor"],"picked":"Sword Boomerang+1","floor":48}],"player_experience":527309,"relics_obtained":[{"floor":6,"key":"Pocketwatch"},{"floor":9,"key":"Gremlin Horn"},{"floor":10,"key":"Pen Nib"},{"floor":23,"key":"Ice Cream"},{"floor":25,"key":"Whetstone"},{"floor":26,"key":"Centennial Puzzle"},{"floor":28,"key":"Champion Belt"},{"floor":29,"key":"Necronomicon"},{"floor":36,"key":"Gambling Chip"},{"floor":43,"key":"Mummified Hand"},{"floor":44,"key":"Happy Flower"},{"floor":47,"key":"Ancient Tea Set"}],"event_choices":[{"damage_healed":0,"gold_gain":75,"player_choice":"Gather Gold","damage_taken":11,"max_hp_gain":0,"max_hp_loss":0,"event_name":"World of Goop","floor":5,"gold_loss":0},{"damage_healed":0,"gold_gain":100,"player_choice":"Gold","damage_taken":0,"max_hp_gain":0,"max_hp_loss":0,"event_name":"Wheel of Change","floor":7,"gold_loss":0},{"damage_healed":0,"gold_gain":0,"player_choice":"Paid Gold","damage_taken":0,"relics_obtained":["Vajra"],"max_hp_gain":0,"max_hp_loss":0,"event_name":"WeMeetAgain","floor":13,"gold_loss":50},{"damage_healed":0,"gold_gain":0,"player_choice":"Ignored","damage_taken":0,"max_hp_gain":0,"max_hp_loss":0,"event_name":"Vampires","floor":21,"gold_loss":0},{"damage_healed":0,"gold_gain":0,"player_choice":"Obtained Book","damage_taken":16,"max_hp_gain":0,"max_hp_loss":0,"event_name":"Cursed Tome","floor":29,"gold_loss":0},{"damage_healed":0,"gold_gain":0,"player_choice":"Fight","damage_taken":0,"max_hp_gain":0,"max_hp_loss":0,"event_name":"Mysterious Sphere","floor":36,"gold_loss":0},{"cards_removed":["Juggernaut"],"damage_healed":0,"gold_gain":0,"player_choice":"Removed Power","damage_taken":0,"max_hp_gain":0,"max_hp_loss":0,"event_name":"Falling","floor":37,"gold_loss":0}],"is_beta":false,"boss_relics":[{"not_picked":["Astrolabe","Fusion Hammer"],"picked":"Sozu"},{"not_picked":["Tiny House","Philosopher\u0027s Stone"],"picked":"Runic Dome"}],"items_purged_floors":[],"is_endless":false,"potions_floor_spawned":[4,6,10,11,14,20,22,28,31,35,47],"ascension_level":0}