{"gold_per_floor":[114,114,14,30,30,30,58,73,152,152,152,169,187,221,221,299,299,317,317,330,150,150,150,163,163,188,188,214,224,238,265,265,265],"floor_reached":33,"playtime":1042,"items_purged":["Strike_G","Strike_G"],"score":590,"play_id":"93dba8e8-5138-4240-bbed-ee3e2bf43e60","local_time":"20190726191114","is_ascension_mode":true,"campfire_choices":[{"data":"Footwork","floor":6,"key":"SMITH"},{"floor":11,"key":"REST"},{"data":"Noxious Fumes","floor":15,"key":"SMITH"},{"data":"Catalyst","floor":23,"key":"SMITH"},{"data":"Wraith Form v2","floor":25,"key":"SMITH"},{"data":"Calculated Gamble","floor":27,"key":"SMITH"},{"floor":32,"key":"REST"}],"neow_cost":"TEN_PERCENT_HP_LOSS","seed_source_timestamp":617697440388000,"circlet_count":0,"master_deck":["AscendersBane","Strike_G+1","Strike_G","Defend_G","Defend_G","Defend_G","Defend_G","Defend_G","Survivor","Neutralize","Corpse Explosion+1","Dagger Spray+1","PiercingWail","Footwork+1","Backstab","Escape Plan","Noxious Fumes+1","Wraith Form v2+1","Footwork","Catalyst+1","Calculated Gamble+1","Bouncing Flask","Deflect","Well Laid Plans"],"relics":["Ring of the Snake","Orichalcum","Ninja Scroll","Matryoshka","Bag of Preparation","Philosopher\u0027s Stone","Dodecahedron","Whetstone","Blue Candle"],"potions_floor_usage":[7,7,29,31,33],"damage_taken":[{"damage":1,"enemies":"Cultist","floor":1,"turns":5},{"damage":2,"enemies":"Small Slimes","floor":4,"turns":3},{"damage":42,"enemies":"Gremlin Nob","floor":7,"turns":5},{"damage":0,"enemies":"Jaw Worm","floor":8,"turns":4},{"damage":0,"enemies":"Exordium Wildlife","floor":12,"turns":1},{"damage":0,"enemies":"3 Louse","floor":13,"turns":2},{"damage":2,"enemies":"3 Sentries","floor":14,"turns":2},{"damage":20,"enemies":"Hexaghost","floor":16,"turns":9},{"damage":0,"enemies":"Chosen","floor":18,"turns":5},{"damage":3,"enemies":"2 Thieves","floor":20,"turns":4},{"damage":6,"enemies":"Snecko","floor":24,"turns":4},{"damage":20,"enemies":"Slavers","floor":28,"turns":3},{"damage":6,"enemies":"Sentry and Sphere","floor":29,"turns":7},{"damage":0,"enemies":"Cultist and Chosen","floor":30,"turns":4},{"damage":4,"enemies":"Book of Stabbing","floor":31,"turns":6},{"damage":33,"enemies":"Collector","floor":33,"turns":5}],"seed_played":"9223342119106132185","potions_obtained":[{"floor":1,"key":"EssenceOfSteel"},{"floor":4,"key":"EssenceOfSteel"},{"floor":8,"key":"Regen Potion"},{"floor":12,"key":"Dexterity Potion"},{"floor":16,"key":"GhostInAJar"},{"floor":29,"key":"LiquidBronze"},{"floor":30,"key":"Block Potion"},{"floor":31,"key":"SpeedPotion"}],"is_trial":false,"path_per_floor":["M","?","$","M","?","R","E","M","T","T","R","M","M","E","R","B",null,"M","?","M","$","?","R","M","R","T","R","E","M","M","E","R","B"],"character_chosen":"THE_SILENT","items_purchased":["PiercingWail","Calculated Gamble"],"campfire_rested":2,"item_purchase_floors":[3,21],"current_hp_per_floor":[58,58,58,56,56,56,14,14,14,14,32,32,32,30,30,10,48,48,48,45,45,45,45,39,39,39,39,19,13,13,9,27,0],"gold":265,"neow_bonus":"THREE_RARE_CARDS","is_prod":false,"is_daily":false,"chose_seed":false,"campfire_upgraded":5,"win_rate":0,"timestamp":1564135874,"path_taken":["M","?","$","?","?","R","E","?","T","?","R","M","M","E","R","BOSS","M","?","M","$","?","R","M","R","T","R","E","M","M","E","R","BOSS"],"build_version":"2019-07-17","purchased_purges":2,"victory":false,"max_hp_per_floor":[60,60,60,60,60,60,60,60,60,60,60,60,60,60,60,60,60,60,60,60,60,60,60,60,60,60,60,60,60,60,60,60,60],"card_choices":[{"not_picked":["Tools of the Trade","Phantasmal Killer"],"picked":"Corpse Explosion","floor":0},{"not_picked":["Caltrops","Choke"],"picked":"Dagger Spray","floor":1},{"not_picked":["Underhanded Strike","Expertise"],"picked":"Footwork","floor":4},{"not_picked":["Setup","Underhanded Strike"],"picked":"Backstab","floor":7},{"not_picked":["Dagger Spray","Sucker Punch"],"picked":"Escape Plan","floor":8},{"not_picked":["Poisoned Stab","Blade Dance"],"picked":"Noxious Fumes","floor":12},{"not_picked":["Noxious Fumes","Outmaneuver","Dodge and Roll"],"picked":"SKIP","floor":13},{"not_picked":["Skewer","Dagger Spray","Flying Knee"],"picked":"SKIP","floor":14},{"not_picked":["Venomology","Envenom"],"picked":"Wraith Form v2","floor":16},{"not_picked":["Cloak And Dagger","Dodge and Roll"],"picked":"Footwork","floor":18},{"not_picked":["Distraction+1","Blade Dance","Eviscerate"],"picked":"SKIP","floor":20},{"not_picked":["Dash","Dagger Throw+1","Dagger Spray"],"picked":"SKIP","floor":24},{"not_picked":["Blade Dance+1","Masterful Stab"],"picked":"Bouncing Flask","floor":28},{"not_picked":["Reflex","Dagger Throw"],"picked":"Deflect","floor":29},{"not_picked":["Skewer","Heel Hook"],"picked":"Well Laid Plans","floor":30},{"not_picked":["Tactician","Blade Dance","Infinite Blades"],"picked":"SKIP","floor":31}],"player_experience":1227812,"relics_obtained":[{"floor":7,"key":"Orichalcum"},{"floor":9,"key":"Ninja Scroll"},{"floor":10,"key":"Matryoshka"},{"floor":14,"key":"Bag of Preparation"},{"floor":26,"key":"Dodecahedron"},{"floor":26,"key":"Whetstone"},{"floor":28,"key":"Blue Candle"}],"event_choices":[{"damage_healed":0,"gold_gain":0,"player_choice":"Upgraded","damage_taken":0,"max_hp_gain":0,"max_hp_loss":0,"event_name":"Upgrade Shrine","floor":2,"gold_loss":0,"cards_upgraded":["Corpse Explosion"]},{"cards_removed":["Strike_G"],"damage_healed":0,"gold_gain":0,"player_choice":"Offered Basic","damage_taken":0,"max_hp_gain":0,"max_hp_loss":0,"event_name":"Bonfire Elementals","floor":5,"gold_loss":0},{"damage_healed":0,"gold_gain":0,"player_choice":"Read","damage_taken":0,"max_hp_gain":0,"max_hp_loss":0,"event_name":"The Library","floor":19,"gold_loss":0,"cards_obtained":["Catalyst"]},{"damage_healed":0,"gold_gain":0,"player_choice":"Ignored","damage_taken":0,"max_hp_gain":0,"max_hp_loss":0,"event_name":"The Mausoleum","floor":22,"gold_loss":0}],"is_beta":false,"boss_relics":[{"not_picked":["Coffee Dripper","Eternal Feather"],"picked":"Philosopher\u0027s Stone"}],"items_purged_floors":[3,21],"is_endless":false,"potions_floor_spawned":[1,4,8,12,16,24,29,30,31],"killed_by":"Collector","ascension_level":20}