{"gold_per_floor":[361,377,388,463,173,173,203,203,203,214,214,214,246,262,262,339,339,357,357,369,439,439],"floor_reached":22,"playtime":513,"items_purged":["Strike_B"],"score":388,"play_id":"cfe624b6-6cee-45d7-8106-c54a13d82139","local_time":"20190720151803","is_ascension_mode":true,"campfire_choices":[{"data":"Sunder","floor":6.0,"key":"SMITH"},{"floor":12.0,"key":"REST"},{"floor":15.0,"key":"REST"}],"neow_cost":"PERCENT_DAMAGE","seed_source_timestamp":0,"circlet_count":0,"master_deck":["AscendersBane","Defend_B","Defend_B","Defend_B","Zap","Dualcast","Ball Lightning","Cold Snap","Barrage","Defragment+1","Sunder+1","White Noise","Cold Snap","Conserve Battery","Coolheaded","Buffer","Go for the Eyes+1","Go for the Eyes+1","Reprogram+1"],"special_seed":0,"relics":["Cracked Core","WingedGreaves","StoneCalendar","Dream Catcher","Astrolabe","Nilry\u0027s Codex","Pantograph"],"potions_floor_usage":[],"damage_taken":[{"damage":0.0,"enemies":"2 Louse","floor":1.0,"turns":3.0},{"damage":4.0,"enemies":"Small Slimes","floor":2.0,"turns":3.0},{"damage":0.0,"enemies":"Cultist","floor":3.0,"turns":2.0},{"damage":14.0,"enemies":"3 Sentries","floor":7.0,"turns":7.0},{"damage":2.0,"enemies":"Looter","floor":10.0,"turns":2.0},{"damage":10.0,"enemies":"Lagavulin","floor":13.0,"turns":6.0},{"damage":7.0,"enemies":"Exordium Thugs","floor":14.0,"turns":3.0},{"damage":24.0,"enemies":"Slime Boss","floor":16.0,"turns":7.0},{"damage":9.0,"enemies":"3 Byrds","floor":18.0,"turns":4.0},{"damage":16.0,"enemies":"2 Thieves","floor":20.0,"turns":4.0},{"damage":0,"floor":22,"turns":1}],"seed_played":"-534843833831273923","potions_obtained":[{"floor":2.0,"key":"Ancient Potion"},{"floor":3.0,"key":"FearPotion"},{"floor":10.0,"key":"Explosive Potion"},{"floor":18.0,"key":"SteroidPotion"}],"is_trial":false,"path_per_floor":["M","M","M","?","$","R","E","?","T","M","?","R","E","M","R","B",null,"M","?","M","T","?"],"character_chosen":"DEFECT","items_purchased":["Defragment","Sunder","White Noise"],"campfire_rested":2,"item_purchase_floors":[5,5,5],"current_hp_per_floor":[46,42,42,31,31,31,17,10,10,8,8,29,19,12,33,9,56,47,26,10,10,10],"gold":439,"neow_bonus":"TWO_FIFTY_GOLD","is_prod":false,"is_daily":false,"chose_seed":false,"campfire_upgraded":1,"win_rate":0,"timestamp":1563603483,"path_taken":["M","M","M","?","$","R","E","?","T","M","?","R","E","?","R","BOSS","M","?","M","?","?"],"build_version":"2019-07-17","purchased_purges":1,"victory":false,"max_hp_per_floor":[71,71,71,71,71,71,71,71,71,71,71,71,71,71,71,71,71,71,71,71,71,71],"card_choices":[{"not_picked":["Steam","Conserve Battery"],"picked":"Ball Lightning","floor":1.0},{"not_picked":["Compile Driver","Stack"],"picked":"Cold Snap","floor":2.0},{"not_picked":["Darkness","Gash"],"picked":"Barrage","floor":3.0},{"not_picked":["Conserve Battery","Rebound"],"picked":"Cold Snap","floor":7.0},{"not_picked":["Ball Lightning","Barrage","Storm"],"picked":"SKIP","floor":10.0},{"not_picked":["Hello World","Thunder Strike","Rebound"],"picked":"SKIP","floor":13.0},{"not_picked":["Streamline","Rip and Tear"],"picked":"Conserve Battery","floor":14.0},{"not_picked":["Rebound","Leap"],"picked":"Coolheaded","floor":15.0},{"not_picked":["Amplify","Hyperbeam"],"picked":"Buffer","floor":16.0},{"not_picked":["Sunder","Stack","Ball Lightning"],"picked":"SKIP","floor":18.0},{"not_picked":["Leap+1","Rebound","Stack"],"picked":"SKIP","floor":20.0}],"player_experience":1099738,"relics_obtained":[{"floor":7.0,"key":"WingedGreaves"},{"floor":9.0,"key":"StoneCalendar"},{"floor":13.0,"key":"Dream Catcher"},{"floor":19.0,"key":"Nilry\u0027s Codex"},{"floor":21.0,"key":"Pantograph"}],"event_choices":[{"damage_healed":0.0,"max_hp_gain":0.0,"max_hp_loss":0.0,"gold_gain":75.0,"event_name":"World of Goop","player_choice":"Gather Gold","floor":4.0,"gold_loss":0.0,"damage_taken":11.0},{"cards_removed":["Strike_B"],"damage_healed":0.0,"max_hp_gain":0.0,"max_hp_loss":0.0,"gold_gain":0.0,"event_name":"Golden Wing","player_choice":"Card Removal","floor":8.0,"gold_loss":0.0,"damage_taken":7.0},{"damage_healed":0.0,"max_hp_gain":0.0,"max_hp_loss":0.0,"gold_gain":0.0,"event_name":"Accursed Blacksmith","player_choice":"Forge","floor":11.0,"gold_loss":0.0,"damage_taken":0.0,"cards_upgraded":["Defragment"]},{"damage_healed":0.0,"max_hp_gain":0.0,"max_hp_loss":0.0,"gold_gain":0.0,"event_name":"Cursed Tome","player_choice":"Obtained Book","floor":19.0,"gold_loss":0.0,"damage_taken":21.0}],"is_beta":false,"boss_relics":[{"not_picked":["Velvet Choker","Orrery"],"picked":"Astrolabe"}],"items_purged_floors":[5],"is_endless":false,"potions_floor_spawned":[2,3,10,13,18],"ascension_level":20}