{"gold_per_floor":[365,382,382,39,39,39,69,69,92,104,117,117,128,163,163,239,239,250,175,175,193,22,22,22],"floor_reached":24,"playtime":1050,"items_purged":[],"score":408,"play_id":"bdf054bd-d1c2-48cb-aff2-c903a6e42998","local_time":"20190610215116","is_ascension_mode":true,"campfire_choices":[{"data":"Zap","floor":6,"key":"SMITH"},{"data":"Rainbow","floor":8,"key":"SMITH"},{"floor":12,"key":"REST"},{"floor":15,"key":"REST"},{"data":"Coolheaded","floor":23,"key":"SMITH"}],"neow_cost":"TEN_PERCENT_HP_LOSS","seed_source_timestamp":201044145797600,"circlet_count":0,"master_deck":["AscendersBane","Strike_B","Strike_B+1","Defend_B","Defend_B","Defend_B","Zap+1","Dualcast","Cold Snap+1","Rainbow+1","Coolheaded+1","Glacier","FTL","Turbo","Glacier+1"],"relics":["Cracked Core","Prayer Wheel","Strawberry","Whetstone","DataDisk","Snecko Eye","Art of War"],"potions_floor_usage":[24,24],"damage_taken":[{"damage":15,"enemies":"2 Louse","floor":1,"turns":2},{"damage":10,"enemies":"Jaw Worm","floor":2,"turns":3},{"damage":26,"enemies":"3 Sentries","floor":7,"turns":10},{"damage":11,"enemies":"Small Slimes","floor":10,"turns":3},{"damage":12,"enemies":"Blue Slaver","floor":11,"turns":3},{"damage":7,"enemies":"Red Slaver","floor":13,"turns":2},{"damage":14,"enemies":"Lagavulin","floor":14,"turns":8},{"damage":7,"enemies":"The Guardian","floor":16,"turns":12},{"damage":0,"enemies":"Shell Parasite","floor":18,"turns":5},{"damage":0,"enemies":"Chosen","floor":21,"turns":5},{"damage":51,"enemies":"Gremlin Leader","floor":24,"turns":12}],"seed_played":"5089749717229584717","potions_obtained":[{"floor":2,"key":"GamblersBrew"},{"floor":13,"key":"Block Potion"},{"floor":14,"key":"Dexterity Potion"},{"floor":16,"key":"Energy Potion"},{"floor":18,"key":"AttackPotion"}],"is_trial":false,"path_per_floor":["M","M","?","$","?","R","E","R","T","M","M","R","M","E","R","B",null,"M","?","?","M","$","R","E"],"character_chosen":"DEFECT","items_purchased":["Prayer Wheel","Art of War"],"campfire_rested":2,"item_purchase_floors":[4,22],"current_hp_per_floor":[49,39,60,60,53,53,34,34,34,23,11,32,25,11,32,25,60,60,60,60,60,60,60,9],"gold":22,"neow_bonus":"TWO_FIFTY_GOLD","is_prod":false,"is_daily":false,"chose_seed":false,"campfire_upgraded":3,"win_rate":0,"timestamp":1560171076,"path_taken":["M","M","?","$","?","R","E","R","T","M","M","R","M","E","R","BOSS","M","?","?","M","$","R","E"],"build_version":"2019-01-23","purchased_purges":0,"victory":false,"max_hp_per_floor":[64,64,64,64,64,64,71,71,71,71,71,71,71,71,71,71,71,71,71,71,71,71,71,71],"card_choices":[{"not_picked":["Go for the Eyes","Genetic Algorithm"],"picked":"Cold Snap","floor":1},{"not_picked":["Compile Driver","Redo","Go for the Eyes"],"picked":"SKIP","floor":2},{"not_picked":["Conserve Battery","White Noise"],"picked":"Rainbow","floor":7},{"not_picked":["Hologram","Streamline"],"picked":"Coolheaded","floor":10},{"not_picked":["Skim","Streamline","Rebound"],"picked":"SKIP","floor":10},{"not_picked":["Steam","Genetic Algorithm","Static Discharge"],"picked":"SKIP","floor":11},{"not_picked":["Auto Shields","Recycle","Sweeping Beam"],"picked":"SKIP","floor":11},{"not_picked":["Hello World","Barrage"],"picked":"Glacier","floor":13},{"not_picked":["Conserve Battery","Chaos"],"picked":"FTL","floor":13},{"not_picked":["Barrage","Hello World"],"picked":"Turbo","floor":14},{"not_picked":["Reprogram","Steam","Cold Snap"],"picked":"SKIP","floor":18},{"not_picked":["Barrage","Static Discharge","Streamline"],"picked":"SKIP","floor":18},{"not_picked":["Sweeping Beam+1","Ball Lightning"],"picked":"Glacier+1","floor":21},{"not_picked":["Conserve Battery","Cold Snap","Redo"],"picked":"SKIP","floor":21}],"player_experience":564982,"relics_obtained":[{"floor":7,"key":"Strawberry"},{"floor":9,"key":"Whetstone"},{"floor":14,"key":"DataDisk"}],"event_choices":[{"damage_healed":21,"gold_gain":0,"player_choice":"Banana","damage_taken":0,"max_hp_gain":0,"max_hp_loss":0,"event_name":"Big Fish","floor":3,"gold_loss":0},{"cards_removed":["Strike_B"],"damage_healed":0,"gold_gain":0,"player_choice":"Card Removal","damage_taken":7,"max_hp_gain":0,"max_hp_loss":0,"event_name":"Golden Wing","floor":5,"gold_loss":0},{"cards_removed":["Strike_B"],"damage_healed":0,"gold_gain":0,"player_choice":"Gave Gold","damage_taken":0,"max_hp_gain":0,"max_hp_loss":0,"event_name":"Beggar","floor":19,"gold_loss":75},{"cards_removed":["Defend_B"],"damage_healed":0,"gold_gain":0,"player_choice":"Elegance","damage_taken":0,"max_hp_gain":0,"max_hp_loss":0,"event_name":"Back to Basics","floor":20,"gold_loss":0}],"is_beta":false,"boss_relics":[{"not_picked":["Tiny House","Eternal Feather"],"picked":"Snecko Eye"}],"items_purged_floors":[],"is_endless":false,"potions_floor_spawned":[2,13,14,16,18,21],"killed_by":"Gremlin Leader","ascension_level":20}