{"gold_per_floor":[110,110,126,126,74,107,59,59,84,125,125,144,159,183,183,183],"floor_reached":16,"playtime":551,"items_purged":[],"score":209,"play_id":"66a323ba-34c8-4e43-b63d-9c99cf50e20f","local_time":"20190625205533","is_ascension_mode":true,"campfire_choices":[{"floor":8.0,"key":"REST"},{"data":"Adrenaline","floor":15,"key":"SMITH"}],"neow_cost":"NONE","seed_source_timestamp":1044471546125177,"circlet_count":0,"master_deck":["AscendersBane","Defend_G","Defend_G","Defend_G","Defend_G","Defend_G","Strike_G","Strike_G","Strike_G","Strike_G","Strike_G","Survivor","Neutralize","Tactician+1","Acrobatics","Dagger Throw","Acrobatics","Underhanded Strike","Concentrate","Underhanded Strike","Adrenaline+1","All Out Attack"],"special_seed":0,"relics":["Ring of the Snake","NeowsBlessing","Golden Idol","Strawberry","Ancient Tea Set","Potion Belt"],"potions_floor_usage":[10,10],"damage_taken":[{"damage":0.0,"enemies":"2 Louse","floor":1.0,"turns":1.0},{"damage":0.0,"enemies":"Small Slimes","floor":3.0,"turns":1.0},{"damage":0.0,"enemies":"3 Sentries","floor":6.0,"turns":1.0},{"damage":5,"enemies":"Gremlin Nob","floor":10,"turns":3},{"damage":0,"enemies":"Cultist","floor":12,"turns":3},{"damage":6,"enemies":"Looter","floor":13,"turns":3},{"damage":0,"enemies":"Large Slime","floor":14,"turns":5},{"damage":67,"enemies":"Hexaghost","floor":16,"turns":12}],"seed_played":"-7723167389914365467","potions_obtained":[{"floor":1.0,"key":"SkillPotion"},{"floor":3.0,"key":"PowerPotion"}],"is_trial":false,"path_per_floor":["M","?","M","?","$","E","$","R","T","E","?","M","M","M","R","B"],"character_chosen":"THE_SILENT","items_purchased":["Dagger Throw","Underhanded Strike"],"campfire_rested":1,"item_purchase_floors":[5,7],"current_hp_per_floor":[63,46,46,46,46,53,53,76,76,71,71,71,65,65,65,0],"gold":183,"neow_bonus":"THREE_ENEMY_KILL","is_prod":false,"is_daily":false,"chose_seed":false,"campfire_upgraded":1,"win_rate":0,"timestamp":1561485333,"path_taken":["M","?","M","?","$","E","$","R","T","E","?","M","?","M","R","BOSS"],"build_version":"2019-01-23","purchased_purges":0,"victory":false,"max_hp_per_floor":[70,70,70,70,70,77,77,77,77,77,77,77,77,77,77,77],"card_choices":[{"not_picked":["PiercingWail","Expertise"],"picked":"Tactician","floor":1.0},{"not_picked":["Predator","Prepared"],"picked":"Acrobatics","floor":3.0},{"not_picked":["Concentrate","Quick Slash"],"picked":"Acrobatics","floor":6.0},{"not_picked":["Finisher","Sucker Punch"],"picked":"Concentrate","floor":10},{"not_picked":["Blade Dance","Masterful Stab"],"picked":"Underhanded Strike","floor":12},{"not_picked":["PiercingWail","Distraction"],"picked":"Adrenaline","floor":13},{"not_picked":["Dagger Throw","Accuracy"],"picked":"All Out Attack","floor":14}],"player_experience":1581913,"relics_obtained":[{"floor":6.0,"key":"Strawberry"},{"floor":9.0,"key":"Ancient Tea Set"},{"floor":10,"key":"Potion Belt"}],"event_choices":[{"damage_healed":0.0,"max_hp_gain":0.0,"max_hp_loss":0.0,"gold_gain":0.0,"event_name":"Golden Idol","player_choice":"Take Damage","floor":2.0,"gold_loss":0.0,"damage_taken":17.0,"relics_obtained":["Golden Idol"]},{"damage_healed":0.0,"max_hp_gain":0.0,"max_hp_loss":0.0,"gold_gain":0.0,"event_name":"Living Wall","player_choice":"Grow","floor":4.0,"gold_loss":0.0,"damage_taken":0.0,"cards_upgraded":["Tactician"]},{"damage_healed":0,"gold_gain":0,"player_choice":"Ignored","damage_taken":0,"max_hp_gain":0,"max_hp_loss":0,"event_name":"Purifier","floor":11,"gold_loss":0}],"is_beta":false,"boss_relics":[],"items_purged_floors":[],"is_endless":false,"potions_floor_spawned":[1,3,6],"killed_by":"Hexaghost","ascension_level":11}