{"gold_per_floor":[115,61,79,79,4,4,38,38,38,38,38,51,226,243,243,347,347,328,328,340,353,15,15,26,45,45,62,62],"floor_reached":28,"playtime":1476,"items_purged":[],"score":380,"play_id":"20d21b81-c137-460b-9fab-8369173de993","local_time":"20190616133700","is_ascension_mode":true,"campfire_choices":[{"data":"Noxious Fumes","floor":6,"key":"SMITH"},{"data":"Bouncing Flask","floor":8,"key":"SMITH"},{"data":"Escape Plan","floor":15,"key":"SMITH"},{"floor":23,"key":"REST"}],"neow_cost":"NONE","seed_source_timestamp":239676138864624,"circlet_count":0,"master_deck":["Defend_G","Defend_G","Defend_G","Defend_G","Strike_G","Strike_G","Strike_G","Survivor","Neutralize","Noxious Fumes+1","Deadly Poison","Escape Plan+1","Bouncing Flask+1","Doubt","Setup","Adrenaline","Dodge and Roll+1","Accuracy+1","Backstab+1","Well Laid Plans+1","Dagger Spray","Noxious Fumes","Bane","Noxious Fumes","Noxious Fumes"],"relics":["Ring of the Snake","NeowsBlessing","Bottled Lightning","Mercury Hourglass","Astrolabe","Thread and Needle","Singing Bowl"],"potions_floor_usage":[16,20,24,25,28],"damage_taken":[{"damage":0,"enemies":"Jaw Worm","floor":1,"turns":1},{"damage":0,"enemies":"2 Louse","floor":3,"turns":1},{"damage":0,"enemies":"3 Sentries","floor":7,"turns":1},{"damage":0,"enemies":"Small Slimes","floor":12,"turns":3},{"damage":0,"enemies":"Looter","floor":14,"turns":3},{"damage":9,"enemies":"Hexaghost","floor":16,"turns":8},{"damage":17,"enemies":"2 Thieves","floor":18,"turns":4},{"damage":13,"enemies":"3 Byrds","floor":20,"turns":5},{"damage":14,"enemies":"Snake Plant","floor":21,"turns":4},{"damage":29,"enemies":"3 Cultists","floor":24,"turns":6},{"damage":9,"enemies":"Sentry and Sphere","floor":25,"turns":6},{"damage":3,"enemies":"Centurion and Healer","floor":27,"turns":6},{"damage":5,"enemies":"Snake Plant","floor":28,"turns":2}],"seed_played":"-7553353344667733208","potions_obtained":[{"floor":1,"key":"SneckoOil"},{"floor":12,"key":"Block Potion"},{"floor":18,"key":"Energy Potion"},{"floor":20,"key":"Weak Potion"},{"floor":27,"key":"SpeedPotion"}],"is_trial":false,"path_per_floor":["M","$","M","?","$","R","E","R","T","?","?","M","?","M","R","B",null,"M","?","M","M","$","R","M","M","T","M","M"],"character_chosen":"THE_SILENT","items_purchased":["Deadly Poison","Bouncing Flask","Thread and Needle","Bane"],"campfire_rested":1,"item_purchase_floors":[2,5,22,22],"current_hp_per_floor":[63,63,63,63,63,63,63,63,63,63,63,63,63,63,63,54,66,49,49,36,22,22,43,14,5,5,4,0],"gold":62,"neow_bonus":"THREE_ENEMY_KILL","is_prod":false,"is_daily":false,"chose_seed":false,"campfire_upgraded":3,"win_rate":0,"timestamp":1560681420,"path_taken":["M","$","M","?","$","R","E","R","T","?","?","M","?","M","R","BOSS","M","?","M","M","$","R","?","M","T","M","M"],"build_version":"2019-01-23","purchased_purges":0,"victory":false,"max_hp_per_floor":[70,70,70,70,70,70,70,70,70,70,70,70,70,70,70,70,70,70,70,70,70,70,70,70,70,70,72,72],"card_choices":[{"not_picked":["Setup","Prepared"],"picked":"Noxious Fumes","floor":1},{"not_picked":["Flying Knee","Predator"],"picked":"Escape Plan","floor":3},{"not_picked":["Infinite Blades","Cloak And Dagger","Slice"],"picked":"SKIP","floor":7},{"not_picked":["Sucker Punch","Underhanded Strike","Blur"],"picked":"SKIP","floor":12},{"not_picked":["Dodge and Roll","Eviscerate"],"picked":"Setup","floor":14},{"not_picked":["Tools of the Trade","Venomology"],"picked":"Adrenaline","floor":16},{"not_picked":["Blade Dance","Terror+1"],"picked":"Well Laid Plans+1","floor":18},{"not_picked":["Choke","Acrobatics","PiercingWail"],"picked":"SKIP","floor":20},{"not_picked":["Sucker Punch","Cloak And Dagger"],"picked":"Noxious Fumes","floor":21},{"not_picked":["Deflect+1","Prepared"],"picked":"Noxious Fumes","floor":24},{"not_picked":["Endless Agony","Underhanded Strike+1"],"picked":"Noxious Fumes","floor":25},{"not_picked":["Prepared","Dagger Spray","Footwork"],"picked":"Singing Bowl","floor":27}],"player_experience":1539515,"relics_obtained":[{"floor":7,"key":"Bottled Lightning"},{"floor":9,"key":"Mercury Hourglass"},{"floor":26,"key":"Singing Bowl"}],"event_choices":[{"damage_healed":0,"gold_gain":0,"player_choice":"Ignored","damage_taken":0,"max_hp_gain":0,"max_hp_loss":0,"event_name":"Golden Wing","floor":4,"gold_loss":0},{"damage_healed":0,"gold_gain":0,"player_choice":"Leave","damage_taken":0,"max_hp_gain":0,"max_hp_loss":0,"event_name":"The Cleric","floor":10,"gold_loss":0},{"damage_healed":0,"gold_gain":0,"player_choice":"Ignored","damage_taken":0,"max_hp_gain":0,"max_hp_loss":0,"event_name":"Shining Light","floor":11,"gold_loss":0},{"damage_healed":0,"gold_gain":175,"player_choice":"AGREE","damage_taken":0,"max_hp_gain":0,"max_hp_loss":0,"event_name":"Liars Game","floor":13,"gold_loss":0,"cards_obtained":["Doubt"]},{"damage_healed":0,"gold_gain":0,"player_choice":"1 cards matched","damage_taken":0,"max_hp_gain":0,"max_hp_loss":0,"event_name":"Match and Keep!","floor":19,"gold_loss":0,"cards_obtained":["Dagger Spray"]}],"is_beta":false,"boss_relics":[{"not_picked":["White Beast Statue","Empty Cage"],"picked":"Astrolabe"}],"items_purged_floors":[],"is_endless":false,"potions_floor_spawned":[1,12,18,20,27],"killed_by":"Snake Plant","ascension_level":9}