{"gold_per_floor":[114,114,35,45,45,45,64,82,129,160,210],"floor_reached":11,"playtime":195,"items_purged":[],"score":146,"play_id":"916b2740-bfc7-48fe-9d4d-ac92a2866f35","local_time":"20190623170840","is_ascension_mode":true,"campfire_choices":[{"data":"Sunder","floor":6,"key":"SMITH"}],"neow_cost":"NONE","seed_source_timestamp":99574260271300,"circlet_count":0,"master_deck":["AscendersBane","Strike_B","Strike_B","Strike_B","Defend_B","Defend_B","Defend_B","Defend_B","Zap","Dualcast","Ball Lightning","Rainbow","Sunder+1","Recycle","Turbo","Core Surge"],"relics":["Cracked Core","NeowsBlessing","SsserpentHead","Oddly Smooth Stone","Regal Pillow"],"potions_floor_usage":[10,10],"damage_taken":[{"damage":0,"enemies":"Small Slimes","floor":1,"turns":1},{"damage":0,"enemies":"Jaw Worm","floor":4,"turns":1},{"damage":0,"enemies":"Cultist","floor":7,"turns":1},{"damage":9,"enemies":"Blue Slaver","floor":8,"turns":3},{"damage":34,"enemies":"Lagavulin","floor":10,"turns":7},{"damage":0,"enemies":"Exordium Wildlife","floor":11,"turns":1}],"seed_played":"499918561696231233","potions_obtained":[{"floor":4,"key":"SkillPotion"},{"floor":7,"key":"PowerPotion"}],"is_trial":false,"path_per_floor":["M","?","$","M","?","R","M","M","T","E","M"],"character_chosen":"DEFECT","items_purchased":["Sunder"],"campfire_rested":0,"item_purchase_floors":[3],"current_hp_per_floor":[64,64,64,64,64,64,64,55,55,21,21],"gold":210,"neow_bonus":"THREE_ENEMY_KILL","is_prod":false,"is_daily":false,"chose_seed":false,"campfire_upgraded":1,"win_rate":0,"timestamp":1561277320,"path_taken":["M","?","$","M","?","R","M","M","T","E","?"],"build_version":"2019-01-23","purchased_purges":0,"victory":false,"max_hp_per_floor":[71,71,71,71,71,71,71,71,71,71,71],"card_choices":[{"not_picked":["Capacitor","Leap"],"picked":"Ball Lightning","floor":1},{"not_picked":["Sweeping Beam","Steam"],"picked":"Recycle","floor":4},{"not_picked":["Force Field","Go for the Eyes"],"picked":"Turbo","floor":7},{"not_picked":["Hyperbeam","Aggregate","Leap"],"picked":"SKIP","floor":8},{"not_picked":["Turbo","Steam"],"picked":"Core Surge","floor":10}],"player_experience":767748,"relics_obtained":[{"floor":9,"key":"Oddly Smooth Stone"},{"floor":10,"key":"Regal Pillow"}],"event_choices":[{"damage_healed":0,"gold_gain":0,"cards_transformed":["Strike_B"],"player_choice":"Change","damage_taken":0,"max_hp_gain":0,"max_hp_loss":0,"event_name":"Living Wall","floor":2,"gold_loss":0,"cards_obtained":["Rainbow"]},{"damage_healed":0,"gold_gain":0,"player_choice":"Trade","damage_taken":0,"relics_obtained":["SsserpentHead"],"max_hp_gain":0,"max_hp_loss":0,"event_name":"FaceTrader","floor":5,"gold_loss":0}],"is_beta":false,"boss_relics":[],"items_purged_floors":[],"is_endless":false,"potions_floor_spawned":[4,7],"killed_by":"Exordium Wildlife","ascension_level":20}