{"gold_per_floor":[361,375,375,390,77,77,106,162,238,238,257,257,286,286,286,363,363,378,738,341,351,367,367,47,82,106,116,116,148,148,72,72,146,146,157,173,173,222,16,51,69,89,389,107,107,121,151,164,164,164,164,164,164,2,29,29],"floor_reached":57,"playtime":2346,"items_purged":["Strike_R","Twin Strike"],"score":3191,"play_id":"12e433c0-76e6-42de-b136-e43bc91ca07d","local_time":"20190628000701","is_ascension_mode":true,"campfire_choices":[{"data":"Whirlwind","floor":6,"key":"SMITH"},{"data":"Bash","floor":12,"key":"SMITH"},{"data":"Dark Embrace","floor":15,"key":"SMITH"},{"data":"Corruption","floor":23,"key":"SMITH"},{"floor":30,"key":"REST"},{"data":"True Grit","floor":32,"key":"SMITH"},{"floor":45,"key":"RECALL"},{"data":"Feel No Pain","floor":49,"key":"SMITH"},{"data":"Offering","floor":53,"key":"SMITH"}],"neow_cost":"TEN_PERCENT_HP_LOSS","seed_source_timestamp":77644946118100,"circlet_count":0,"master_deck":["AscendersBane","Bash+1","Whirlwind+1","Dark Embrace+1","Spot Weakness","True Grit+1","Corruption+1","Offering+1","Double Tap","Shockwave","Carnage","Carnage","Sword Boomerang","Havoc","Berserk","Dropkick","Juggernaut","Seeing Red","Dual Wield","Body Slam+1","Feel No Pain+1","Feed","True Grit","Second Wind","Dual Wield","Shrug It Off","Finesse","Shockwave","Shockwave","Shockwave","Impervious","Shrug It Off","Spot Weakness","Flash of Steel","Disarm"],"relics":["Burning Blood","Bag of Marbles","Regal Pillow","Red Skull","Bird Faced Urn","Tiny Chest","FossilizedHelix","Strawberry","Pandora\u0027s Box","Charon\u0027s Ashes","TheAbacus","Art of War","Bottled Tornado","Orrery","Anchor","Potion Belt","Ornamental Fan","Old Coin","Bag of Preparation","Champion Belt"],"potions_floor_usage":[7,13,16,56,56,56,56],"damage_taken":[{"damage":4,"enemies":"2 Louse","floor":1,"turns":4},{"damage":7,"enemies":"Small Slimes","floor":2,"turns":5},{"damage":1,"enemies":"Cultist","floor":4,"turns":3},{"damage":0,"enemies":"3 Sentries","floor":7,"turns":2},{"damage":32,"enemies":"Gremlin Nob","floor":8,"turns":4},{"damage":14,"enemies":"Exordium Thugs","floor":11,"turns":3},{"damage":18,"enemies":"Lagavulin","floor":13,"turns":6},{"damage":0,"enemies":"Slime Boss","floor":16,"turns":9},{"damage":15,"enemies":"2 Thieves","floor":18,"turns":3},{"damage":0,"enemies":"Chosen","floor":21,"turns":2},{"damage":0,"enemies":"Snecko","floor":22,"turns":3},{"damage":27,"enemies":"Slavers","floor":25,"turns":2},{"damage":6,"enemies":"3 Cultists","floor":27,"turns":3},{"damage":22,"enemies":"Gremlin Leader","floor":29,"turns":3},{"damage":1,"enemies":"Automaton","floor":33,"turns":6},{"damage":0,"enemies":"3 Darklings","floor":35,"turns":2},{"damage":0,"enemies":"Orb Walker","floor":36,"turns":1},{"damage":0,"enemies":"Giant Head","floor":40,"turns":3},{"damage":9,"enemies":"Jaw Worm Horde","floor":41,"turns":2},{"damage":0,"enemies":"Transient","floor":42,"turns":4},{"damage":0,"enemies":"Maw","floor":46,"turns":2},{"damage":0,"enemies":"Reptomancer","floor":47,"turns":2},{"damage":0,"enemies":"Writhing Mass","floor":48,"turns":2},{"damage":38,"enemies":"Awakened One","floor":50,"turns":5},{"damage":6,"enemies":"Time Eater","floor":51,"turns":4},{"damage":4,"enemies":"Shield and Spear","floor":55,"turns":2},{"damage":18,"enemies":"The Heart","floor":56,"turns":8}],"seed_played":"2460958117071567578","potions_obtained":[{"floor":2,"key":"SteroidPotion"},{"floor":8,"key":"SpeedPotion"},{"floor":11,"key":"AttackPotion"},{"floor":16,"key":"Poison Potion"},{"floor":21,"key":"EssenceOfSteel"},{"floor":25,"key":"GamblersBrew"},{"floor":40,"key":"Dexterity Potion"},{"floor":41,"key":"Fire Potion"},{"floor":48,"key":"Weak Potion"}],"is_trial":false,"path_per_floor":["M","M","?","M","$","R","E","?","T","?","M","R","E","T","R","B",null,"M","?","$","M","M","R","$","E","T","M","T","E","R","$","R","B",null,"M","M","?","T","$","E","M","M","T","$","R","M","E","M","R","B","B",null,"R","$","E","B",null],"character_chosen":"IRONCLAD","items_purchased":["Regal Pillow","Dark Embrace","Charon\u0027s Ashes","Dropkick","TheAbacus","Feel No Pain","Shockwave","Potion Belt","PowerPotion","Impervious","Shrug It Off","Flash of Steel","PowerPotion"],"campfire_rested":1,"item_purchase_floors":[5,5,20,20,24,31,39,39,44,44,44,54,54],"current_hp_per_floor":[68,67,49,54,54,54,60,34,34,34,26,26,16,23,23,33,65,60,25,25,35,49,49,49,30,30,38,38,30,67,67,67,75,75,78,78,68,68,68,81,78,81,81,81,81,84,84,87,87,61,71,83,83,83,90,80],"gold":29,"neow_bonus":"TWO_FIFTY_GOLD","is_prod":false,"is_daily":false,"chose_seed":false,"campfire_upgraded":7,"win_rate":0,"timestamp":1561648021,"path_taken":["M","M","?","M","$","R","E","?","T","?","?","R","E","?","R","BOSS","M","?","$","M","?","R","$","E","T","M","?","E","R","$","R","BOSS","M","M","?","?","$","E","?","M","T","?","R","M","E","M","R","BOSS","BOSS","R","$","E","BOSS"],"build_version":"2019-01-23","purchased_purges":2,"victory":true,"max_hp_per_floor":[68,68,68,68,68,68,68,68,68,68,68,68,68,75,75,75,75,75,75,75,75,75,75,75,75,75,75,75,75,75,75,75,75,75,78,78,78,78,78,81,81,81,81,81,81,84,84,87,87,87,87,87,87,87,90,90],"card_choices":[{"not_picked":["Heavy Blade","Shrug It Off"],"picked":"Whirlwind","floor":1},{"not_picked":["Dual Wield","Armaments","Heavy Blade"],"picked":"SKIP","floor":2},{"not_picked":["Blood for Blood","Havoc","Pummel"],"picked":"SKIP","floor":4},{"not_picked":["Armaments","Wild Strike"],"picked":"Spot Weakness","floor":7},{"not_picked":["Clothesline","Fire Breathing"],"picked":"True Grit","floor":8},{"not_picked":["Dual Wield","Body Slam"],"picked":"Twin Strike","floor":11},{"not_picked":["Ghostly Armor","Warcry"],"picked":"Corruption","floor":13},{"not_picked":["Berserk","Demon Form"],"picked":"Offering","floor":16},{"not_picked":["Searing Blow","Flex","Rampage"],"picked":"SKIP","floor":18},{"not_picked":["Pommel Strike","Iron Wave+1"],"picked":"Juggernaut","floor":21},{"not_picked":["Armaments","Anger"],"picked":"Seeing Red","floor":22},{"not_picked":["Twin Strike","Sword Boomerang"],"picked":"Dual Wield","floor":25},{"not_picked":["Cleave","Flex","Clash"],"picked":"SKIP","floor":27},{"not_picked":["Reckless Charge","Brutality"],"picked":"Body Slam+1","floor":29},{"not_picked":["Demon Form","Berserk"],"picked":"Feed","floor":33},{"not_picked":["Clash","Sword Boomerang"],"picked":"True Grit","floor":34},{"not_picked":["Blood for Blood","Perfected Strike"],"picked":"Second Wind","floor":34},{"not_picked":["Berserk","Cleave"],"picked":"Dual Wield","floor":35},{"not_picked":["Anger","Twin Strike+1"],"picked":"Shrug It Off","floor":36},{"not_picked":["Jack Of All Trades","Metamorphosis"],"picked":"Finesse","floor":37},{"not_picked":["Cleave","Perfected Strike"],"picked":"Shockwave","floor":40},{"not_picked":["Iron Wave","Warcry","Sever Soul"],"picked":"SKIP","floor":41},{"not_picked":["Infernal Blade+1","Flex"],"picked":"Shockwave","floor":42},{"not_picked":["Sever Soul","Sword Boomerang","Battle Trance"],"picked":"SKIP","floor":46},{"not_picked":["Shockwave","Demon Form","Thunderclap"],"picked":"SKIP","floor":47},{"not_picked":["Sword Boomerang","Cleave"],"picked":"Spot Weakness","floor":48},{"not_picked":["Power Through","Anger"],"picked":"Disarm","floor":55}],"player_experience":849692,"relics_obtained":[{"floor":7,"key":"Red Skull"},{"floor":8,"key":"Bird Faced Urn"},{"floor":9,"key":"Tiny Chest"},{"floor":13,"key":"FossilizedHelix"},{"floor":14,"key":"Strawberry"},{"floor":25,"key":"Art of War"},{"floor":28,"key":"Bottled Tornado"},{"floor":38,"key":"Anchor"},{"floor":40,"key":"Ornamental Fan"},{"floor":43,"key":"Old Coin"},{"floor":47,"key":"Bag of Preparation"},{"floor":55,"key":"Champion Belt"}],"event_choices":[{"damage_healed":0,"gold_gain":0,"player_choice":"Success","damage_taken":18,"relics_obtained":["Bag of Marbles"],"max_hp_gain":0,"max_hp_loss":0,"event_name":"Scrap Ooze","floor":3,"gold_loss":0},{"damage_healed":0,"gold_gain":0,"player_choice":"Searched \u00271\u0027 times","damage_taken":0,"max_hp_gain":0,"max_hp_loss":0,"event_name":"Dead Adventurer","floor":8,"gold_loss":0},{"cards_removed":["Strike_R"],"damage_healed":0,"gold_gain":0,"player_choice":"Purged","damage_taken":0,"max_hp_gain":0,"max_hp_loss":0,"event_name":"Purifier","floor":10,"gold_loss":0},{"damage_healed":0,"gold_gain":360,"player_choice":"GOLD GOLD GOLD GOLD ","damage_taken":35,"max_hp_gain":0,"max_hp_loss":0,"event_name":"Knowing Skull","floor":19,"potions_obtained":[],"gold_loss":0,"cards_obtained":[]},{"damage_healed":0,"gold_gain":0,"player_choice":"Memory 3","damage_taken":10,"max_hp_gain":0,"max_hp_loss":0,"event_name":"SensoryStone","floor":37,"gold_loss":0}],"is_beta":false,"boss_relics":[{"not_picked":["Busted Crown","Eternal Feather"],"picked":"Pandora\u0027s Box"},{"not_picked":["White Beast Statue","Coffee Dripper"],"picked":"Orrery"}],"items_purged_floors":[5,24],"is_endless":false,"potions_floor_spawned":[2,8,11,16,21,25,27,33,40,41,46,48],"ascension_level":20}