{"path_per_floor":["M","?","M","?","$","E","M","R","T","M","M","M","E","?","R","B",null,"M","?","?","M"],"character_chosen":"THE_SILENT","items_purchased":["Apotheosis","Strength Potion"],"gold_per_floor":[115,115,128,303,4,36,49,49,49,69,83,101,136,136,136,241,241,255,255,255,274],"floor_reached":22,"campfire_rested":0,"playtime":1968,"current_hp_per_floor":[70,70,68,68,68,67,67,67,67,67,61,59,51,51,51,34,70,59,49,33,32],"items_purged":["Doubt"],"gold":274,"score":222,"play_id":"eeae6a24-bb24-4209-90ec-34334c7fec2f","is_prod":false,"is_daily":false,"is_ascension_mode":false,"campfire_upgraded":2,"path_taken":["M","?","M","?","$","E","M","R","T","M","M","?","E","?","R","BOSS","M","?","?","M","M"],"build_version":"2018-02-08-PROD1","purchased_purges":1,"victory":false,"master_deck":["Defend_G","Defend_G","Defend_G","Survivor","Neutralize+1","Accuracy","Tactician","Apotheosis+1","Well Laid Plans","Storm of Steel+1","Dagger Spray","A Thousand Cuts","Bite","Bite","Bite","Bite","Bite"],"max_hp_per_floor":[70,70,70,70,70,70,70,70,70,70,70,70,70,70,70,70,70,70,49,49,49],"relics":["Ring of the Snake","Dream Catcher","Oddly Smooth Stone","Bottled Tornado","Nilry\u0027s Codex"],"card_choices":[{"not_picked":["Riddle With Holes","Reflex"],"picked":"Accuracy"},{"not_picked":["Calculated Gamble","Underhanded Strike"],"picked":"Well Laid Plans"},{"not_picked":["Dodge and Roll","Dagger Spray"],"picked":"Storm of Steel"},{"not_picked":["Bullet Time","Corpse Explosion"],"picked":"A Thousand Cuts"}],"player_experience":126750,"potions_floor_usage":[6,6,13,21,21],"damage_taken":[{"damage":0,"enemies":"2 Louse","floor":1,"turns":3},{"damage":2,"enemies":"Jaw Worm","floor":3,"turns":6},{"damage":1,"enemies":"Gremlin Nob","floor":6,"turns":3},{"damage":0,"enemies":"Small Slimes","floor":7,"turns":4},{"damage":0,"enemies":"Looter","floor":10,"turns":3},{"damage":6,"enemies":"2 Fungi Beasts","floor":11,"turns":3},{"damage":2,"enemies":"Large Slime","floor":12,"turns":7},{"damage":8,"enemies":"3 Sentries","floor":13,"turns":5},{"damage":17,"enemies":"Hexaghost","floor":16,"turns":11},{"damage":11,"enemies":"Spheric Guardian","floor":18,"turns":4},{"damage":10,"enemies":"2 Thieves","floor":21,"turns":3},{"damage":0,"enemies":"Snake Plant","floor":22,"turns":1}],"event_choices":[{"event_name":"Living Wall","player_choice":"Change","floor":2,"damage_taken":0},{"event_name":"Liars Game","player_choice":"agreed","floor":4,"damage_taken":0},{"event_name":"Transmorgrifier","player_choice":"Transform","floor":14,"damage_taken":0},{"event_name":"Vampires","player_choice":"Became a vampire","floor":19,"damage_taken":0},{"event_name":"Cursed Tome","player_choice":"Obtained Book","floor":20,"damage_taken":0}],"boss_relics":[{"not_picked":["Astrolabe","Velvet Choker","Snecko Eye"]}],"potions_floor_spawned":[1,3,6,12,13,18],"seed_played":"442225692947553168","killed_by":"Snake Plant","ascension_level":0,"is_trial":false}