{"gold_per_floor":[109,109,129,129,145,159,159,184,184,198,198,208,208,238,238,315,315,325,325,342,352,121,121,153,153,153,153,483,498,254,274,274,348,348,366,13,32,45,0,0,30,30,30,60,78,88,121,133,133,133,133,133,133,45,71,71],"floor_reached":57,"playtime":2282,"items_purged":["Strike_R","Strike_R","Strike_R"],"score":2968,"play_id":"64ede008-5fec-4b06-8a04-54f5ddd0cc61","local_time":"20190628021726","is_ascension_mode":true,"campfire_choices":[{"data":"Armaments","floor":7.0,"key":"SMITH"},{"data":"Barricade","floor":13.0,"key":"SMITH"},{"floor":15.0,"key":"REST"},{"data":"Offering","floor":23.0,"key":"SMITH"},{"data":"Immolate","floor":25.0,"key":"SMITH"},{"data":"Entrench","floor":32.0,"key":"SMITH"},{"data":"Seeing Red","floor":40.0,"key":"SMITH"},{"floor":42.0,"key":"RECALL"},{"data":"True Grit","floor":49.0,"key":"SMITH"},{"data":"Feel No Pain","floor":53.0,"key":"SMITH"}],"neow_cost":"NONE","seed_source_timestamp":85461591719100,"circlet_count":0,"master_deck":["AscendersBane","Defend_R","Defend_R","Defend_R","Defend_R","Bash","Barricade+1","Rampage+1","Body Slam+1","Power Through","Armaments+1","Demon Form","Flame Barrier","Offering+1","Shockwave","Entrench+1","Battle Trance","Immolate+1","Shrug It Off","Seeing Red+1","Seeing Red","Feel No Pain+1","Pommel Strike+1","Impervious","Shrug It Off+1","Entrench+1","True Grit+1","Burning Pact+1","Corruption","Battle Trance","Second Wind","Disarm"],"special_seed":0,"relics":["Burning Blood","Red Skull","Ornamental Fan","Odd Mushroom","Philosopher\u0027s Stone","Pear","Magic Flower","Old Coin","Coffee Dripper","DollysMirror","Red Mask","Smiling Mask","Lantern","Whetstone"],"potions_floor_usage":[56],"damage_taken":[{"damage":14.0,"enemies":"Jaw Worm","floor":1.0,"turns":4.0},{"damage":15.0,"enemies":"Small Slimes","floor":3.0,"turns":3.0},{"damage":7.0,"enemies":"Cultist","floor":5.0,"turns":4.0},{"damage":13.0,"enemies":"Blue Slaver","floor":6.0,"turns":3.0},{"damage":25.0,"enemies":"3 Sentries","floor":8.0,"turns":11.0},{"damage":1.0,"enemies":"2 Fungi Beasts","floor":10.0,"turns":3.0},{"damage":9.0,"enemies":"Large Slime","floor":12.0,"turns":7.0},{"damage":31.0,"enemies":"The Mushroom Lair","floor":14.0,"turns":5.0},{"damage":12.0,"enemies":"The Guardian","floor":16.0,"turns":13.0},{"damage":9.0,"enemies":"Chosen","floor":18.0,"turns":5.0},{"damage":14.0,"enemies":"3 Byrds","floor":20.0,"turns":4.0},{"damage":21.0,"enemies":"Centurion and Healer","floor":21.0,"turns":7.0},{"damage":16.0,"enemies":"Gremlin Leader","floor":24.0,"turns":7.0},{"damage":19.0,"enemies":"Slavers","floor":28.0,"turns":2.0},{"damage":6.0,"enemies":"Sentry and Sphere","floor":29.0,"turns":8.0},{"damage":6.0,"enemies":"Cultist and Chosen","floor":31.0,"turns":6.0},{"damage":6.0,"enemies":"Automaton","floor":33.0,"turns":7.0},{"damage":7.0,"enemies":"Orb Walker","floor":35.0,"turns":2.0},{"damage":6.0,"enemies":"3 Shapes","floor":37.0,"turns":2.0},{"damage":6.0,"enemies":"3 Darklings","floor":38.0,"turns":8.0},{"damage":6.0,"enemies":"Nemesis","floor":41.0,"turns":7.0},{"damage":6.0,"enemies":"Giant Head","floor":44.0,"turns":4.0},{"damage":12.0,"enemies":"Transient","floor":45.0,"turns":6.0},{"damage":6.0,"enemies":"Writhing Mass","floor":46.0,"turns":7.0},{"damage":29.0,"enemies":"Reptomancer","floor":47.0,"turns":8.0},{"damage":0.0,"enemies":"4 Shapes","floor":48.0,"turns":6.0},{"damage":11.0,"enemies":"Donu and Deca","floor":50.0,"turns":7.0},{"damage":30.0,"enemies":"Awakened One","floor":51.0,"turns":11.0},{"damage":21,"enemies":"Shield and Spear","floor":55,"turns":8},{"damage":47,"enemies":"The Heart","floor":56,"turns":9}],"seed_played":"-9019938067647067292","potions_obtained":[{"floor":1.0,"key":"LiquidBronze"},{"floor":5.0,"key":"Strength Potion"},{"floor":12.0,"key":"PowerPotion"},{"floor":14.0,"key":"Regen Potion"},{"floor":16.0,"key":"GamblersBrew"},{"floor":18.0,"key":"AttackPotion"},{"floor":24.0,"key":"SpeedPotion"},{"floor":28.0,"key":"Regen Potion"},{"floor":33.0,"key":"GamblersBrew"},{"floor":35.0,"key":"Explosive Potion"},{"floor":37.0,"key":"Swift Potion"},{"floor":48.0,"key":"Strength Potion"}],"is_trial":false,"path_per_floor":["M","?","M","?","M","M","R","E","T","M","?","M","R","?","R","B",null,"M","?","M","M","$","R","E","R","T","?","E","M","$","M","R","B",null,"M","$","M","M","?","R","E","R","T","E","M","M","E","M","R","B","B",null,"R","$","E","B",null],"character_chosen":"IRONCLAD","items_purchased":["Entrench","Battle Trance","Feel No Pain","PowerPotion","DollysMirror","Second Wind"],"campfire_rested":1,"item_purchase_floors":[22,22,30,30,36,54],"current_hp_per_floor":[60,53,44,44,43,36,36,17,17,22,47,44,44,19,41,50,69,66,66,58,43,43,43,43,43,43,43,33,36,36,39,39,66,80,82,82,85,85,85,85,85,85,85,85,82,85,65,74,74,72,51,77,77,77,65,27],"gold":71,"neow_bonus":"ONE_RANDOM_RARE_CARD","is_prod":false,"is_daily":false,"chose_seed":false,"campfire_upgraded":8,"win_rate":0,"timestamp":1561655846,"path_taken":["M","?","M","?","M","?","R","E","T","M","?","M","R","?","R","BOSS","M","?","?","M","$","R","E","R","T","?","E","M","$","M","R","BOSS","M","$","M","M","?","R","E","R","T","E","M","M","E","M","R","BOSS","BOSS","R","$","E","BOSS"],"build_version":"2019-01-23","purchased_purges":3,"victory":true,"max_hp_per_floor":[75,75,75,75,75,75,75,75,75,75,75,75,75,75,75,75,75,75,75,75,75,75,75,85,85,85,85,85,85,85,85,85,85,85,85,85,85,85,85,85,85,85,85,85,85,85,85,85,85,85,85,85,85,85,85,85],"card_choices":[{"not_picked":["Second Wind","Hemokinesis"],"picked":"Rampage","floor":1.0},{"not_picked":["Ghostly Armor","Thunderclap"],"picked":"Body Slam","floor":3.0},{"not_picked":["Anger","Twin Strike"],"picked":"Power Through","floor":5.0},{"not_picked":["Iron Wave","Disarm"],"picked":"Armaments","floor":6.0},{"not_picked":["Uppercut","Brutality"],"picked":"Demon Form","floor":8.0},{"not_picked":["Burning Pact","Rupture"],"picked":"Flame Barrier","floor":10.0},{"not_picked":["Thunderclap","Hemokinesis","Bloodletting"],"picked":"SKIP","floor":12.0},{"not_picked":["Bludgeon","Brutality"],"picked":"Offering","floor":16.0},{"not_picked":["Cleave","Twin Strike","Heavy Blade"],"picked":"SKIP","floor":18.0},{"not_picked":["Clothesline","Cleave","Anger"],"picked":"SKIP","floor":20.0},{"not_picked":["Armaments","Twin Strike"],"picked":"Shockwave","floor":21.0},{"not_picked":["Iron Wave","Sentinel"],"picked":"Immolate","floor":24.0},{"not_picked":["Flex","Hemokinesis"],"picked":"Seeing Red","floor":28.0},{"not_picked":["Perfected Strike","Wild Strike"],"picked":"Seeing Red","floor":29.0},{"not_picked":["Anger","Havoc"],"picked":"Pommel Strike+1","floor":31.0},{"not_picked":["Berserk","Immolate"],"picked":"Impervious","floor":33.0},{"not_picked":["Bloodletting","Wild Strike"],"picked":"Shrug It Off+1","floor":35.0},{"not_picked":["Clash+1","Thunderclap","Wild Strike"],"picked":"SKIP","floor":37.0},{"not_picked":["Twin Strike","Intimidate","Wild Strike+1"],"picked":"SKIP","floor":38.0},{"not_picked":["Thunderclap+1","Heavy Blade","Headbutt"],"picked":"SKIP","floor":41.0},{"not_picked":["Pummel+1","Cleave"],"picked":"True Grit","floor":44.0},{"not_picked":["Flame Barrier","Warcry"],"picked":"Burning Pact+1","floor":45.0},{"not_picked":["Clothesline","Infernal Blade","Inflame+1"],"picked":"SKIP","floor":46.0},{"not_picked":["Perfected Strike","Heavy Blade"],"picked":"Corruption","floor":47.0},{"not_picked":["Feed","True Grit"],"picked":"Battle Trance","floor":48.0},{"not_picked":["Double Tap","Clothesline"],"picked":"Disarm","floor":55}],"player_experience":857102,"relics_obtained":[{"floor":8.0,"key":"Red Skull"},{"floor":9.0,"key":"Ornamental Fan"},{"floor":14.0,"key":"Odd Mushroom"},{"floor":24.0,"key":"Pear"},{"floor":26.0,"key":"Magic Flower"},{"floor":28.0,"key":"Old Coin"},{"floor":41.0,"key":"Smiling Mask"},{"floor":47.0,"key":"Lantern"},{"floor":55,"key":"Whetstone"}],"event_choices":[{"cards_removed":["Strike_R"],"damage_healed":0.0,"max_hp_gain":0.0,"max_hp_loss":0.0,"gold_gain":0.0,"event_name":"Golden Wing","player_choice":"Card Removal","floor":2.0,"gold_loss":0.0,"damage_taken":7.0},{"cards_removed":["Strike_R"],"damage_healed":0.0,"max_hp_gain":0.0,"max_hp_loss":0.0,"gold_gain":0.0,"event_name":"Purifier","player_choice":"Purged","floor":4.0,"gold_loss":0.0,"damage_taken":0.0},{"damage_healed":25.0,"max_hp_gain":0.0,"max_hp_loss":0.0,"gold_gain":0.0,"event_name":"Big Fish","player_choice":"Banana","floor":11.0,"gold_loss":0.0,"damage_taken":0.0},{"damage_healed":0.0,"max_hp_gain":0.0,"max_hp_loss":0.0,"gold_gain":0.0,"event_name":"Mushrooms","player_choice":"Fought Mushrooms","floor":14.0,"gold_loss":0.0,"damage_taken":0.0},{"damage_healed":0.0,"max_hp_gain":0.0,"max_hp_loss":0.0,"gold_gain":0.0,"event_name":"N\u0027loth","player_choice":"Ignored","floor":19.0,"gold_loss":0.0,"damage_taken":0.0},{"damage_healed":0.0,"max_hp_gain":0.0,"max_hp_loss":0.0,"gold_gain":0.0,"event_name":"The Library","player_choice":"Read","floor":27.0,"gold_loss":0.0,"damage_taken":0.0,"cards_obtained":["Shrug It Off"]},{"damage_healed":0.0,"max_hp_gain":0.0,"max_hp_loss":0.0,"gold_gain":0.0,"event_name":"Tomb of Lord Red Mask","player_choice":"Paid","floor":39.0,"gold_loss":45.0,"damage_taken":0.0,"relics_obtained":["Red Mask"]}],"is_beta":false,"boss_relics":[{"not_picked":["Lizard Tail","Ectoplasm"],"picked":"Philosopher\u0027s Stone"},{"not_picked":["White Beast Statue","Cursed Key"],"picked":"Coffee Dripper"}],"items_purged_floors":[22,30,36],"is_endless":false,"potions_floor_spawned":[1,5,12,14,16,18,24,28,33,35,37,41,48],"ascension_level":20}