{"gold_per_floor":[118,118,138,148,29,63,82,98,125,125,125,160,160,160],"floor_reached":14,"playtime":351,"items_purged":["Strike_G"],"score":200,"play_id":"73dbe0ec-c94f-41dc-b79e-0a18534136d5","local_time":"20190712185213","is_ascension_mode":true,"campfire_choices":[{"floor":10,"key":"REST"},{"data":"Deadly Poison","floor":13,"key":"SMITH"}],"neow_cost":"NONE","seed_source_timestamp":100351176872800,"circlet_count":0,"master_deck":["AscendersBane","Strike_G","Strike_G","Strike_G","Strike_G","Defend_G","Defend_G","Defend_G","Defend_G","Defend_G","Survivor","Neutralize","Dagger Spray","Blur","Deadly Poison+1","Footwork","Tools of the Trade","Escape Plan"],"relics":["Ring of the Snake","NeowsBlessing","Bag of Preparation","Pen Nib","Golden Idol","Happy Flower"],"potions_floor_usage":[6,12,12],"damage_taken":[{"damage":0,"enemies":"2 Louse","floor":1,"turns":1},{"damage":0,"enemies":"Jaw Worm","floor":3,"turns":1},{"damage":0,"enemies":"Small Slimes","floor":4,"turns":1},{"damage":50,"enemies":"Gremlin Nob","floor":6,"turns":5},{"damage":7,"enemies":"3 Louse","floor":7,"turns":4},{"damage":0,"enemies":"2 Fungi Beasts","floor":8,"turns":4},{"damage":12,"enemies":"3 Sentries","floor":12,"turns":9},{"damage":0,"enemies":"Gremlin Nob","floor":14,"turns":2}],"seed_played":"9176174747330450024","potions_obtained":[{"floor":1,"key":"SteroidPotion"},{"floor":3,"key":"Strength Potion"},{"floor":6,"key":"Fire Potion"}],"is_trial":false,"path_per_floor":["M","?","M","M","$","E","M","M","T","R","?","E","R","E"],"character_chosen":"THE_SILENT","items_purchased":["Footwork"],"campfire_rested":1,"item_purchase_floors":[5],"current_hp_per_floor":[59,64,64,64,64,14,7,7,7,28,28,16,16,16],"gold":160,"neow_bonus":"THREE_ENEMY_KILL","is_prod":false,"is_daily":false,"chose_seed":false,"campfire_upgraded":1,"win_rate":0,"timestamp":1562925133,"path_taken":["M","?","M","M","$","E","M","M","T","R","?","E","R","E"],"build_version":"2019-07-05","purchased_purges":1,"victory":false,"max_hp_per_floor":[66,71,71,71,71,71,71,71,71,71,64,64,64,64],"card_choices":[{"not_picked":["Predator","Endless Agony"],"picked":"Dagger Spray","floor":1},{"not_picked":["Backflip","Bane"],"picked":"Blur","floor":3},{"not_picked":["Blade Dance","PiercingWail"],"picked":"Deadly Poison","floor":4},{"not_picked":["Crippling Poison","Prepared"],"picked":"Tools of the Trade","floor":6},{"not_picked":["Prepared","All Out Attack"],"picked":"Escape Plan","floor":7},{"not_picked":["Concentrate","Deadly Poison","Bane"],"picked":"SKIP","floor":8},{"not_picked":["Dagger Spray","Heel Hook","Riddle With Holes"],"picked":"SKIP","floor":12}],"player_experience":996571,"relics_obtained":[{"floor":6,"key":"Bag of Preparation"},{"floor":9,"key":"Pen Nib"},{"floor":12,"key":"Happy Flower"}],"event_choices":[{"damage_healed":0,"gold_gain":0,"player_choice":"Donut","damage_taken":0,"max_hp_gain":5,"max_hp_loss":0,"event_name":"Big Fish","floor":2,"gold_loss":0},{"damage_healed":0,"gold_gain":0,"player_choice":"Lose Max HP","damage_taken":0,"relics_obtained":["Golden Idol"],"max_hp_gain":0,"max_hp_loss":7,"event_name":"Golden Idol","floor":11,"gold_loss":0}],"is_beta":false,"boss_relics":[],"items_purged_floors":[5],"is_endless":false,"potions_floor_spawned":[1,3,6,8],"killed_by":"Gremlin Nob","ascension_level":20}