{"gold_per_floor":[359,359,359,14,37,68,68,68,68,93,93],"floor_reached":11,"playtime":263,"items_purged":[],"score":142,"play_id":"1e5ea458-e6b7-4a16-999e-d17cb8cc6289","local_time":"20190611140558","is_ascension_mode":true,"campfire_choices":[{"data":"Inflame","floor":7,"key":"SMITH"}],"neow_cost":"TEN_PERCENT_HP_LOSS","seed_source_timestamp":260318481742300,"circlet_count":0,"master_deck":["AscendersBane","Strike_R","Strike_R","Strike_R","Strike_R","Strike_R","Defend_R+1","Defend_R","Defend_R","Defend_R+1","Bash","Inflame+1","Twin Strike"],"relics":["Burning Blood","Golden Idol","Calipers","War Paint","Regal Pillow","Omamori"],"potions_floor_usage":[11],"damage_taken":[{"damage":10,"enemies":"2 Louse","floor":1,"turns":3},{"damage":11,"enemies":"Small Slimes","floor":5,"turns":5},{"damage":40,"enemies":"Lagavulin","floor":6,"turns":7},{"damage":0,"enemies":"Cultist","floor":10,"turns":3},{"damage":33,"enemies":"3 Sentries","floor":11,"turns":9}],"seed_played":"-4256740883283478707","potions_obtained":[{"floor":1,"key":"FairyPotion"},{"floor":5,"key":"GamblersBrew"}],"is_trial":false,"path_per_floor":["M","?","?","$","M","E","R","?","T","M","E"],"character_chosen":"IRONCLAD","items_purchased":["Calipers"],"campfire_rested":0,"item_purchase_floors":[4],"current_hp_per_floor":[64,41,63,63,58,24,24,24,24,30,6],"gold":93,"neow_bonus":"TWO_FIFTY_GOLD","is_prod":false,"is_daily":false,"chose_seed":false,"campfire_upgraded":1,"win_rate":0,"timestamp":1560229558,"path_taken":["M","?","?","$","M","E","R","?","T","M","E"],"build_version":"2019-01-23","purchased_purges":0,"victory":false,"max_hp_per_floor":[68,68,68,68,68,68,68,68,68,68,68],"card_choices":[{"not_picked":["Infernal Blade","Pommel Strike"],"picked":"Inflame","floor":1},{"not_picked":["Thunderclap","Clash","Warcry"],"picked":"SKIP","floor":5},{"not_picked":["Thunderclap","Clash","Warcry"],"picked":"SKIP","floor":5},{"not_picked":["Cleave","Thunderclap","Dual Wield"],"picked":"SKIP","floor":6},{"not_picked":["Headbutt","Heavy Blade"],"picked":"Twin Strike","floor":10}],"player_experience":576520,"relics_obtained":[{"floor":6,"key":"War Paint"},{"floor":9,"key":"Omamori"}],"event_choices":[{"damage_healed":0,"gold_gain":0,"player_choice":"Take Damage","damage_taken":23,"relics_obtained":["Golden Idol"],"max_hp_gain":0,"max_hp_loss":0,"event_name":"Golden Idol","floor":2,"gold_loss":0},{"damage_healed":22,"gold_gain":0,"player_choice":"Banana","damage_taken":0,"max_hp_gain":0,"max_hp_loss":0,"event_name":"Big Fish","floor":3,"gold_loss":0},{"damage_healed":0,"gold_gain":0,"player_choice":"Searched \u00272\u0027 times","damage_taken":0,"relics_obtained":["Regal Pillow"],"max_hp_gain":0,"max_hp_loss":0,"event_name":"Dead Adventurer","floor":8,"gold_loss":0}],"is_beta":false,"boss_relics":[],"items_purged_floors":[],"is_endless":false,"potions_floor_spawned":[1,5],"killed_by":"3 Sentries","ascension_level":20}