{"gold_per_floor":[366,377,527,73,73,73,105,105,129,129,155,155,172,190,190,263,263,274,274,29,29,39,39,68,3,26,37,52,52,52,81,81,153,153,171,190,39,1038,1038,1069,1089,264,335,335,361,373,398,410,422,434,446,458,470,20,55,55],"floor_reached":57,"playtime":2169,"items_purged":["Doubt","Strike_B","Normality","Normality"],"score":3008,"play_id":"2189de54-a16d-46c9-82a3-5cbc0cc207ee","local_time":"20190624182116","is_ascension_mode":true,"campfire_choices":[{"data":"Zap","floor":6.0,"key":"SMITH"},{"data":"Dualcast","floor":8.0,"key":"SMITH"},{"data":"Rip and Tear","floor":10.0,"key":"SMITH"},{"data":"Loop","floor":15.0,"key":"SMITH"},{"data":"Consume","floor":23.0,"key":"SMITH"},{"floor":29.0,"key":"REST"},{"data":"Turbo","floor":32.0,"key":"SMITH"},{"floor":49.0,"key":"RECALL"},{"data":"Capacitor","floor":53.0,"key":"SMITH"}],"neow_cost":"TEN_PERCENT_HP_LOSS","seed_source_timestamp":188278336937700,"circlet_count":0,"master_deck":["AscendersBane","Strike_B","Defend_B+1","Defend_B","Defend_B","Defend_B","Zap+1","Dualcast+1","Rip and Tear+1","Ball Lightning","Glacier","Loop+1","Hologram","Glacier","Fission+1","Consume+1","Coolheaded+1","Turbo+1","Blizzard+1","Conserve Battery+1","Electrodynamics","Capacitor+1","Coolheaded","Coolheaded","Bandage Up","Bandage Up","Capacitor","Glacier"],"special_seed":0,"relics":["Cracked Core","DataDisk","Runic Capacitor","The Courier","Gambling Chip","Bronze Scales","Molten Egg 2","Black Star","Art of War","Bag of Preparation","Oddly Smooth Stone","Du-Vu Doll","Blood Vial","Happy Flower","Bottled Lightning","Coffee Dripper","Lantern","PreservedInsect","Letter Opener","War Paint","Juzu Bracelet","Meat on the Bone","MawBank","Blue Candle","Centennial Puzzle","Orichalcum","Cables"],"potions_floor_usage":[56,56],"damage_taken":[{"damage":2.0,"enemies":"Jaw Worm","floor":1.0,"turns":3.0},{"damage":4.0,"enemies":"Small Slimes","floor":2.0,"turns":3.0},{"damage":8.0,"enemies":"Gremlin Nob","floor":7.0,"turns":3.0},{"damage":9.0,"enemies":"Lagavulin","floor":11.0,"turns":7.0},{"damage":0.0,"enemies":"Cultist","floor":13.0,"turns":2.0},{"damage":0.0,"enemies":"Blue Slaver","floor":14.0,"turns":3.0},{"damage":20.0,"enemies":"Slime Boss","floor":16.0,"turns":10.0},{"damage":8.0,"enemies":"3 Byrds","floor":18.0,"turns":2.0},{"damage":0.0,"enemies":"Chosen","floor":22.0,"turns":3.0},{"damage":0.0,"enemies":"Gremlin Leader","floor":24.0,"turns":6.0},{"damage":0.0,"enemies":"Snecko","floor":27.0,"turns":7.0},{"damage":0.0,"enemies":"Centurion and Healer","floor":28.0,"turns":7.0},{"damage":0.0,"enemies":"Book of Stabbing","floor":31.0,"turns":4.0},{"damage":0.0,"enemies":"Collector","floor":33.0,"turns":11.0},{"damage":0.0,"enemies":"3 Darklings","floor":35.0,"turns":3.0},{"damage":0.0,"enemies":"3 Shapes","floor":36.0,"turns":2.0},{"damage":26.0,"enemies":"Reptomancer","floor":40.0,"turns":6.0},{"damage":9.0,"enemies":"3 Darklings","floor":41.0,"turns":2.0},{"damage":0.0,"enemies":"Nemesis","floor":45.0,"turns":7.0},{"damage":0.0,"enemies":"4 Shapes","floor":47.0,"turns":2.0},{"damage":14.0,"enemies":"Donu and Deca","floor":50.0,"turns":9.0},{"damage":3.0,"enemies":"Awakened One","floor":51.0,"turns":14.0},{"damage":41,"enemies":"Shield and Spear","floor":55,"turns":5},{"damage":46,"enemies":"The Heart","floor":56,"turns":11}],"seed_played":"-175209049464644989","potions_obtained":[{"floor":1.0,"key":"FearPotion"},{"floor":7.0,"key":"SpeedPotion"},{"floor":13.0,"key":"FocusPotion"},{"floor":16.0,"key":"AttackPotion"},{"floor":18.0,"key":"Strength Potion"},{"floor":41.0,"key":"Block Potion"},{"floor":45.0,"key":"FocusPotion"}],"is_trial":false,"path_per_floor":["M","M","?","$","?","R","E","R","T","R","E","?","M","M","R","B",null,"M","?","$","?","M","R","E","$","T","M","M","R","?","E","R","B",null,"M","M","$","?","?","E","M","$","T","?","E","?","M","?","R","B","B",null,"R","$","E","B",null],"character_chosen":"DEFECT","items_purchased":["DataDisk","Runic Capacitor","Art of War","Bag of Preparation","Blizzard+1","Capacitor","FocusPotion","Letter Opener","War Paint","Juzu Bracelet","Meat on the Bone","Centennial Puzzle","Orichalcum","Capacitor"],"campfire_rested":1,"item_purchase_floors":[4,4,20,20,25,37,42,42,42,42,42,54,54,54],"current_hp_per_floor":[62,58,58,58,53,53,45,45,45,45,36,36,36,36,36,16,52,44,44,44,44,44,44,44,44,44,46,48,64,64,64,64,64,64,64,64,64,64,61,35,28,28,28,28,42,42,44,34,34,42,49,58,58,58,39,15],"gold":55,"neow_bonus":"TWO_FIFTY_GOLD","is_prod":false,"is_daily":false,"chose_seed":false,"campfire_upgraded":7,"win_rate":0,"timestamp":1561368076,"path_taken":["M","M","?","$","?","R","E","R","T","R","E","?","M","M","R","BOSS","M","?","$","?","?","R","E","?","T","M","M","R","?","E","R","BOSS","M","M","$","?","?","E","M","$","T","?","E","?","M","?","R","BOSS","BOSS","R","$","E","BOSS"],"build_version":"2019-01-23","purchased_purges":4,"victory":true,"max_hp_per_floor":[64,64,64,64,64,64,64,64,64,64,64,64,64,64,64,64,64,64,64,64,64,64,64,64,64,64,64,64,64,64,64,64,64,64,64,64,64,64,61,61,61,61,61,61,61,61,61,61,61,61,61,61,61,61,61,61],"card_choices":[{"not_picked":["Compile Driver","Undo"],"picked":"Rip and Tear","floor":1.0},{"not_picked":["Storm","Undo"],"picked":"Ball Lightning","floor":2.0},{"not_picked":["Lockon","Beam Cell"],"picked":"Glacier","floor":7.0},{"not_picked":["Rebound","Meteor Strike"],"picked":"Loop","floor":11.0},{"not_picked":["FTL+1","Streamline+1"],"picked":"Hologram","floor":13.0},{"not_picked":["Hologram","Darkness"],"picked":"Glacier","floor":14.0},{"not_picked":["All For One+1","Thunder Strike+1"],"picked":"Fission","floor":16.0},{"not_picked":["Skim","Undo"],"picked":"Consume","floor":18.0},{"not_picked":["Beam Cell+1","Rebound+1"],"picked":"Turbo","floor":22.0},{"not_picked":["Gash+1","Rebound+1","Reprogram"],"picked":"SKIP","floor":24.0},{"not_picked":["Undo+1","Go for the Eyes+1"],"picked":"Conserve Battery+1","floor":27.0},{"not_picked":["Sweeping Beam+1","Steam+1","Skim"],"picked":"SKIP","floor":28.0},{"not_picked":["Leap","Conserve Battery","Reinforced Body"],"picked":"SKIP","floor":31.0},{"not_picked":["Leap","Conserve Battery","Reinforced Body"],"picked":"SKIP","floor":31.0},{"not_picked":["Machine Learning","Biased Cognition"],"picked":"Electrodynamics","floor":33.0},{"not_picked":["Sunder+1","Go for the Eyes+1","Streamline+1"],"picked":"SKIP","floor":35.0},{"not_picked":["Beam Cell+1","Hologram","Reinforced Body"],"picked":"SKIP","floor":36.0},{"not_picked":["Beam Cell+1","Hologram","Reinforced Body"],"picked":"SKIP","floor":36.0},{"not_picked":["Stack","Steam","Double Energy"],"picked":"SKIP","floor":40.0},{"not_picked":["Cold Snap+1","Skim"],"picked":"Coolheaded","floor":41.0},{"not_picked":["Compile Driver+1","Tempest+1","Heatsinks"],"picked":"SKIP","floor":45.0},{"not_picked":["Go for the Eyes+1","Sweeping Beam+1"],"picked":"Coolheaded","floor":47.0},{"not_picked":["Flash of Steel+1","Mayhem"],"picked":"Bandage Up","floor":48.0},{"not_picked":["Jack Of All Trades","Forethought"],"picked":"Bandage Up","floor":48.0},{"not_picked":["Redo","Double Energy"],"picked":"Glacier","floor":55}],"player_experience":793494,"relics_obtained":[{"floor":7.0,"key":"Gambling Chip"},{"floor":9.0,"key":"Bronze Scales"},{"floor":11.0,"key":"Molten Egg 2"},{"floor":24.0,"key":"Oddly Smooth Stone"},{"floor":24.0,"key":"Du-Vu Doll"},{"floor":26.0,"key":"Blood Vial"},{"floor":31.0,"key":"Happy Flower"},{"floor":31.0,"key":"Bottled Lightning"},{"floor":40.0,"key":"Lantern"},{"floor":40.0,"key":"PreservedInsect"},{"floor":45.0,"key":"MawBank"},{"floor":45.0,"key":"Blue Candle"},{"floor":55,"key":"Cables"}],"event_choices":[{"damage_healed":0.0,"max_hp_gain":0.0,"max_hp_loss":0.0,"gold_gain":150.0,"event_name":"Liars Game","player_choice":"AGREE","floor":3.0,"gold_loss":0.0,"damage_taken":0.0,"cards_obtained":["Doubt"]},{"damage_healed":0.0,"max_hp_gain":0.0,"max_hp_loss":0.0,"gold_gain":0.0,"event_name":"Scrap Ooze","player_choice":"Success","floor":5.0,"gold_loss":0.0,"damage_taken":5.0,"relics_obtained":["The Courier"]},{"cards_removed":["Strike_B"],"damage_healed":0.0,"max_hp_gain":0.0,"max_hp_loss":0.0,"gold_gain":0.0,"event_name":"Bonfire Elementals","player_choice":"Offered Basic","floor":12.0,"gold_loss":0.0,"damage_taken":0.0},{"damage_healed":0.0,"max_hp_gain":0.0,"max_hp_loss":0.0,"gold_gain":0.0,"event_name":"The Library","player_choice":"Read","floor":19.0,"gold_loss":0.0,"damage_taken":0.0,"cards_obtained":["Coolheaded"]},{"damage_healed":0.0,"max_hp_gain":0.0,"max_hp_loss":0.0,"gold_gain":0.0,"event_name":"Accursed Blacksmith","player_choice":"Forge","floor":21.0,"gold_loss":0.0,"damage_taken":0.0,"cards_upgraded":["Fission"]},{"cards_removed":["Strike_B"],"damage_healed":0.0,"max_hp_gain":0.0,"max_hp_loss":0.0,"gold_gain":0.0,"event_name":"Back to Basics","player_choice":"Elegance","floor":30.0,"gold_loss":0.0,"damage_taken":0.0},{"damage_healed":0.0,"max_hp_gain":0.0,"max_hp_loss":0.0,"gold_gain":999.0,"event_name":"MindBloom","player_choice":"Gold","floor":38.0,"gold_loss":0.0,"damage_taken":0.0,"cards_obtained":["Normality","Normality"]},{"damage_healed":0.0,"max_hp_gain":0.0,"max_hp_loss":3.0,"gold_gain":0.0,"event_name":"Winding Halls","player_choice":"Max HP","floor":39.0,"gold_loss":0.0,"damage_taken":0.0},{"damage_healed":0.0,"max_hp_gain":0.0,"max_hp_loss":0.0,"gold_gain":0.0,"event_name":"Mysterious Sphere","player_choice":"Ignored","floor":44.0,"gold_loss":0.0,"damage_taken":0.0},{"damage_healed":0.0,"max_hp_gain":0.0,"max_hp_loss":0.0,"gold_gain":0.0,"event_name":"Lab","player_choice":"Got Potions","floor":46.0,"gold_loss":0.0,"damage_taken":0.0},{"damage_healed":0.0,"max_hp_gain":0.0,"max_hp_loss":0.0,"gold_gain":0.0,"event_name":"SensoryStone","player_choice":"Memory 3","floor":48.0,"gold_loss":0.0,"damage_taken":10.0}],"is_beta":false,"boss_relics":[{"not_picked":["Calling Bell","Lizard Tail"],"picked":"Black Star"},{"not_picked":["Runic Pyramid","FrozenCore"],"picked":"Coffee Dripper"}],"items_purged_floors":[4,37,42,54],"is_endless":false,"potions_floor_spawned":[1,7,13,16,18,33,41,45,47],"ascension_level":20}