{"gold_per_floor":[117,135,150,164,164,164,175,202,202,202,216,228,228,34,34,106,106,122,200,214,224,56,56,56],"floor_reached":24,"playtime":2982,"items_purged":[],"score":360,"play_id":"305acf1b-a293-4023-9967-c0c0e1dd1ec2","local_time":"20190514205522","is_ascension_mode":true,"campfire_choices":[{"data":"Envenom","floor":6.0,"key":"SMITH"},{"data":"Bouncing Flask","floor":10.0,"key":"SMITH"},{"data":"Well Laid Plans","floor":15.0,"key":"SMITH"}],"neow_cost":"NONE","seed_source_timestamp":201178327572676,"circlet_count":0,"master_deck":["AscendersBane","Survivor","Neutralize","Deadly Poison","PiercingWail","Backstab","Concentrate","Glass Knife","Endless Agony","Envenom+1","Underhanded Strike","Bouncing Flask+1","Sucker Punch","Bane","Blur","Crippling Poison","Well Laid Plans+1","PanicButton","Bane","Burst","Acrobatics","Cloak And Dagger","Endless Agony+1"],"special_seed":0,"relics":["Pandora\u0027s Box","Sundial","Matryoshka","Runic Dome","Pen Nib","Blue Candle","Orichalcum"],"potions_floor_usage":[],"damage_taken":[{"damage":0.0,"enemies":"Cultist","floor":1.0,"turns":3.0},{"damage":0.0,"enemies":"2 Louse","floor":2.0,"turns":2.0},{"damage":1.0,"enemies":"Jaw Worm","floor":3.0,"turns":2.0},{"damage":14.0,"enemies":"Red Slaver","floor":4.0,"turns":2.0},{"damage":17.0,"enemies":"Gremlin Gang","floor":7.0,"turns":4.0},{"damage":17.0,"enemies":"Lagavulin","floor":8.0,"turns":6.0},{"damage":0.0,"enemies":"2 Fungi Beasts","floor":11.0,"turns":2.0},{"damage":13.0,"enemies":"Blue Slaver","floor":12.0,"turns":3.0},{"damage":8.0,"enemies":"Slime Boss","floor":16.0,"turns":7.0},{"damage":20.0,"enemies":"3 Byrds","floor":18.0,"turns":5.0},{"damage":0.0,"enemies":"Spheric Guardian","floor":20.0,"turns":3.0},{"damage":24,"enemies":"Shelled Parasite and Fungi","floor":21,"turns":5},{"damage":10,"enemies":"Snake Plant","floor":24,"turns":1}],"seed_played":"1794211924051214283","potions_obtained":[{"floor":1.0,"key":"GamblersBrew"},{"floor":4.0,"key":"Regen Potion"},{"floor":8.0,"key":"GhostInAJar"},{"floor":18.0,"key":"GhostInAJar"}],"is_trial":false,"path_per_floor":["M","M","M","M","?","R","M","E","T","R","M","M","?","$","R","B",null,"M","T","M","M","$","?","M"],"character_chosen":"THE_SILENT","items_purchased":["Well Laid Plans","PanicButton","Bane","Orichalcum"],"campfire_rested":0,"item_purchase_floors":[14,14,14,22],"current_hp_per_floor":[59,59,58,44,44,44,27,25,25,25,25,12,12,12,12,4,51,31,31,31,7,7,7,0],"gold":56,"neow_bonus":"BOSS_RELIC","is_prod":false,"is_daily":false,"chose_seed":false,"campfire_upgraded":3,"win_rate":0,"timestamp":1557860122,"path_taken":["M","M","?","M","?","R","M","E","T","R","M","?","?","?","R","BOSS","M","?","M","?","$","?","M"],"build_version":"2019-01-23","purchased_purges":0,"victory":false,"max_hp_per_floor":[66,66,66,66,66,66,66,66,66,66,66,66,66,66,66,66,66,66,66,66,66,66,66,66],"card_choices":[{"not_picked":["Setup","Bane"],"picked":"Sucker Punch","floor":1.0},{"not_picked":["Prepared","Deadly Poison"],"picked":"Bane","floor":2.0},{"not_picked":["Acrobatics","Deadly Poison"],"picked":"Blur","floor":3.0},{"not_picked":["Outmaneuver","Doppelganger"],"picked":"Crippling Poison","floor":4.0},{"not_picked":["Malaise","Envenom"],"picked":"Burst","floor":16.0},{"not_picked":["Dagger Throw","Poisoned Stab"],"picked":"Acrobatics","floor":18.0},{"not_picked":["Flechettes+1","Bane"],"picked":"Cloak And Dagger","floor":20.0},{"not_picked":["Expertise","Setup"],"picked":"Endless Agony+1","floor":21}],"player_experience":874878,"relics_obtained":[{"floor":8.0,"key":"Sundial"},{"floor":9.0,"key":"Matryoshka"},{"floor":19.0,"key":"Pen Nib"},{"floor":19.0,"key":"Blue Candle"}],"event_choices":[{"cards_removed":["Flechettes"],"damage_healed":0.0,"max_hp_gain":0.0,"max_hp_loss":0.0,"gold_gain":0.0,"event_name":"Purifier","player_choice":"Purged","floor":5.0,"gold_loss":0.0,"damage_taken":0.0},{"damage_healed":0.0,"max_hp_gain":0.0,"max_hp_loss":0.0,"gold_gain":0.0,"event_name":"Dead Adventurer","player_choice":"Searched \u00271\u0027 times","floor":13.0,"gold_loss":0.0,"damage_taken":0.0},{"damage_healed":0,"gold_gain":0,"player_choice":"Ignored","damage_taken":0,"max_hp_gain":0,"max_hp_loss":0,"event_name":"Cursed Tome","floor":23,"gold_loss":0}],"is_beta":false,"boss_relics":[{"not_picked":["Runic Pyramid","Busted Crown"],"picked":"Runic Dome"}],"items_purged_floors":[],"is_endless":false,"potions_floor_spawned":[1,4,8,18,20,21],"killed_by":"Snake Plant","ascension_level":16}