{"gold_per_floor":[114,264,264,287,287,323,323,366,366,389,39,39,39,58,58,154,154,169,169,12,12,36,74,74,88,88,88,103,103,119,119,119,212,212,232,182,205,130,59,74,115,115,115,115,115,154,169,39,39,39,39,39,39,39,78,78],"floor_reached":56,"playtime":2509,"items_purged":["Doubt","Strike_B","Defend_B"],"score":2062,"play_id":"6175405c-7e8d-44a9-9126-82c66688a51e","local_time":"20190622185350","is_ascension_mode":true,"campfire_choices":[{"data":"Zap","floor":7.0,"key":"SMITH"},{"data":"Sunder","floor":13.0,"key":"SMITH"},{"data":"White Noise","floor":15.0,"key":"SMITH"},{"floor":24.0,"key":"REST"},{"floor":27.0,"key":"REST"},{"data":"Coolheaded","floor":29.0,"key":"SMITH"},{"data":"Meteor Strike","floor":32.0,"key":"SMITH"},{"data":"Hologram","floor":42.0,"key":"SMITH"},{"floor":44.0,"key":"RECALL"},{"floor":49.0,"key":"REST"},{"floor":53.0,"key":"REST"}],"neow_cost":"NONE","seed_source_timestamp":16986316034200,"circlet_count":0,"master_deck":["AscendersBane","Strike_B","Strike_B","Defend_B","Defend_B","Defend_B","Zap+1","Dualcast","White Noise+1","Tempest","Chill","Glacier","Capacitor+1","Sunder+1","Defragment+1","Biased Cognition+1","Heatsinks+1","Glacier","Loop+1","Meteor Strike+1","Defragment+1","Blizzard+1","Coolheaded+1","Echo Form+1","Hologram+1","Glacier","Loop+1","Meteor Strike+1"],"special_seed":0,"relics":["Cracked Core","NeowsBlessing","Golden Idol","Frozen Egg 2","Smiling Mask","Singing Bowl","Happy Flower","NlothsMask","Snecko Eye","The Courier","Cursed Key","Molten Egg 2","Regal Pillow","Letter Opener"],"potions_floor_usage":[56,56],"damage_taken":[{"damage":0.0,"enemies":"Jaw Worm","floor":1.0,"turns":1.0},{"damage":0.0,"enemies":"Small Slimes","floor":4.0,"turns":1.0},{"damage":0.0,"enemies":"3 Sentries","floor":6.0,"turns":1.0},{"damage":21.0,"enemies":"Lagavulin","floor":8.0,"turns":6.0},{"damage":10.0,"enemies":"Cultist","floor":10.0,"turns":4.0},{"damage":0.0,"enemies":"Exordium Wildlife","floor":14.0,"turns":3.0},{"damage":23.0,"enemies":"The Guardian","floor":16.0,"turns":13.0},{"damage":0.0,"enemies":"Spheric Guardian","floor":18.0,"turns":5.0},{"damage":0.0,"enemies":"2 Thieves","floor":22.0,"turns":2.0},{"damage":34.0,"enemies":"Slavers","floor":23.0,"turns":3.0},{"damage":10.0,"enemies":"Chosen and Byrds","floor":25.0,"turns":4.0},{"damage":13.0,"enemies":"Centurion and Healer","floor":28.0,"turns":6.0},{"damage":0.0,"enemies":"Snake Plant","floor":30.0,"turns":4.0},{"damage":0.0,"enemies":"Automaton","floor":33.0,"turns":7.0},{"damage":0.0,"enemies":"Orb Walker","floor":35.0,"turns":2.0},{"damage":0.0,"enemies":"3 Shapes","floor":37.0,"turns":1.0},{"damage":0.0,"enemies":"Maw","floor":40.0,"turns":5.0},{"damage":0.0,"enemies":"Giant Head","floor":41.0,"turns":9.0},{"damage":51.0,"enemies":"Reptomancer","floor":46.0,"turns":7.0},{"damage":0.0,"enemies":"Sphere and 2 Shapes","floor":47.0,"turns":6.0},{"damage":10.0,"enemies":"Time Eater","floor":50.0,"turns":12.0},{"damage":2.0,"enemies":"Awakened One","floor":51.0,"turns":11.0},{"damage":33.0,"enemies":"Shield and Spear","floor":55.0,"turns":7.0},{"damage":11,"enemies":"The Heart","floor":56,"turns":2}],"seed_played":"888520307976926633","potions_obtained":[{"floor":1.0,"key":"SkillPotion"},{"floor":4.0,"key":"Regen Potion"},{"floor":6.0,"key":"FocusPotion"},{"floor":23.0,"key":"GamblersBrew"},{"floor":25.0,"key":"Fire Potion"},{"floor":35.0,"key":"Regen Potion"},{"floor":37.0,"key":"Fire Potion"},{"floor":40.0,"key":"EssenceOfSteel"},{"floor":46.0,"key":"Fire Potion"}],"is_trial":false,"path_per_floor":["M","?","?","M","?","E","R","E","T","M","$","?","R","M","R","B",null,"M","$","$","?","M","E","R","M","T","R","M","R","M","?","R","B",null,"M","$","M","?","$","M","E","R","T","R","?","E","M","$","R","B","B",null,"R","$","E","B"],"character_chosen":"DEFECT","items_purchased":["Capacitor+1","Happy Flower","Sunder","Glacier","Loop+1","Hologram","Meteor Strike+1"],"campfire_rested":4,"item_purchase_floors":[11,11,11,20,20,39,48],"current_hp_per_floor":[64,64,64,64,69,69,69,48,48,38,38,38,38,38,38,15,56,56,56,56,56,56,22,42,34,34,55,42,42,44,44,44,44,66,68,68,70,70,70,70,72,72,72,72,72,23,23,23,62,52,50,73,81,81,50,39],"gold":78,"neow_bonus":"THREE_ENEMY_KILL","is_prod":false,"is_daily":false,"chose_seed":false,"campfire_upgraded":6,"win_rate":0,"timestamp":1561197230,"path_taken":["M","?","?","M","?","E","R","E","T","M","?","?","R","M","R","BOSS","M","?","$","?","M","E","R","?","T","R","M","R","M","?","R","BOSS","M","$","M","?","?","M","E","R","T","R","?","E","?","$","R","BOSS","BOSS","R","$","E","BOSS"],"build_version":"2019-01-23","purchased_purges":3,"victory":false,"max_hp_per_floor":[71,71,64,64,69,69,69,69,69,69,69,69,69,69,69,69,69,69,69,69,69,69,69,69,71,71,71,71,71,73,73,73,73,73,75,75,77,77,77,77,79,79,79,79,79,81,81,81,81,81,81,81,81,81,83,83],"card_choices":[{"not_picked":["Conserve Battery","Turbo"],"picked":"White Noise","floor":1.0},{"not_picked":["Heatsinks","Sweeping Beam"],"picked":"Tempest","floor":4.0},{"not_picked":["Stack","Blizzard","Leap"],"picked":"SKIP","floor":6.0},{"not_picked":["Darkness","Turbo"],"picked":"Chill","floor":8.0},{"not_picked":["Conserve Battery","Leap"],"picked":"Glacier","floor":10.0},{"not_picked":["Reboot","Compile Driver"],"picked":"Defragment+1","floor":14.0},{"not_picked":["Reboot","Seek"],"picked":"Biased Cognition+1","floor":16.0},{"not_picked":["Conserve Battery","Go for the Eyes"],"picked":"Heatsinks+1","floor":18.0},{"not_picked":["Ball Lightning+1","Leap"],"picked":"Defragment+1","floor":22.0},{"not_picked":["Aggregate","Reboot"],"picked":"Blizzard+1","floor":23.0},{"not_picked":["Go for the Eyes","Compile Driver","Sweeping Beam"],"picked":"Singing Bowl","floor":25.0},{"not_picked":["Stack","Streamline+1"],"picked":"Coolheaded","floor":28.0},{"not_picked":["Hologram","Tempest+1","Rebound"],"picked":"Singing Bowl","floor":30.0},{"not_picked":["Machine Learning+1","Amplify"],"picked":"Echo Form+1","floor":33.0},{"not_picked":["Go for the Eyes","Turbo","Compile Driver"],"picked":"Singing Bowl","floor":35.0},{"not_picked":["Doom and Gloom","Chill","FTL"],"picked":"Singing Bowl","floor":37.0},{"not_picked":["Genetic Algorithm","Stack"],"picked":"Glacier","floor":40.0},{"not_picked":["Beam Cell+1","Conserve Battery","Go for the Eyes+1"],"picked":"Singing Bowl","floor":41.0},{"not_picked":["Static Discharge+1","Rip and Tear+1","Fusion"],"picked":"Singing Bowl","floor":46.0},{"not_picked":["Steam Power","Sweeping Beam+1"],"picked":"Loop+1","floor":47.0},{"not_picked":["Hologram","Chaos+1","Sweeping Beam+1"],"picked":"Singing Bowl","floor":55.0}],"player_experience":751348,"relics_obtained":[{"floor":6.0,"key":"Frozen Egg 2"},{"floor":8.0,"key":"Smiling Mask"},{"floor":9.0,"key":"Singing Bowl"},{"floor":23.0,"key":"The Courier"},{"floor":41.0,"key":"Molten Egg 2"},{"floor":46.0,"key":"Regal Pillow"},{"floor":55.0,"key":"Letter Opener"}],"event_choices":[{"damage_healed":0.0,"max_hp_gain":0.0,"max_hp_loss":0.0,"gold_gain":150.0,"event_name":"Liars Game","player_choice":"AGREE","floor":2.0,"gold_loss":0.0,"damage_taken":0.0,"cards_obtained":["Doubt"]},{"damage_healed":0.0,"max_hp_gain":0.0,"max_hp_loss":7.0,"gold_gain":0.0,"event_name":"Golden Idol","player_choice":"Lose Max HP","floor":3.0,"gold_loss":0.0,"damage_taken":0.0,"relics_obtained":["Golden Idol"]},{"damage_healed":0.0,"max_hp_gain":5.0,"max_hp_loss":0.0,"gold_gain":0.0,"event_name":"Big Fish","player_choice":"Donut","floor":5.0,"gold_loss":0.0,"damage_taken":0.0},{"damage_healed":0.0,"max_hp_gain":0.0,"max_hp_loss":0.0,"gold_gain":0.0,"event_name":"FaceTrader","player_choice":"Trade","floor":12.0,"gold_loss":0.0,"damage_taken":0.0,"relics_obtained":["NlothsMask"]},{"damage_healed":0.0,"max_hp_gain":0.0,"max_hp_loss":0.0,"gold_gain":0.0,"event_name":"Match and Keep!","player_choice":"1 cards matched","floor":21.0,"gold_loss":0.0,"damage_taken":0.0,"cards_obtained":["Meteor Strike"]},{"damage_healed":0.0,"max_hp_gain":0.0,"max_hp_loss":0.0,"gold_gain":0.0,"event_name":"Match and Keep!","player_choice":"1 cards matched","floor":21.0,"gold_loss":0.0,"damage_taken":0.0,"cards_obtained":["Meteor Strike"]},{"damage_healed":0.0,"max_hp_gain":0.0,"max_hp_loss":0.0,"gold_gain":0.0,"event_name":"Ghosts","player_choice":"Ignored","floor":31.0,"gold_loss":0.0,"damage_taken":0.0},{"cards_removed":["Strike_B"],"damage_healed":0.0,"max_hp_gain":0.0,"max_hp_loss":0.0,"gold_gain":0.0,"event_name":"Designer","player_choice":"Single Remove","floor":38.0,"gold_loss":75.0,"damage_taken":0.0},{"cards_removed":["Pain"],"damage_healed":0.0,"max_hp_gain":0.0,"max_hp_loss":0.0,"gold_gain":0.0,"event_name":"Purifier","player_choice":"Purged","floor":45.0,"gold_loss":0.0,"damage_taken":0.0}],"is_beta":false,"boss_relics":[{"not_picked":["Inserter","Black Star"],"picked":"Snecko Eye"},{"not_picked":["Philosopher\u0027s Stone","Runic Pyramid"],"picked":"Cursed Key"}],"items_purged_floors":[11,36,39],"is_endless":false,"potions_floor_spawned":[1,4,6,23,25,35,37,40,46],"killed_by":"The Heart","ascension_level":20}