{"gold_per_floor":[110,32,32,50,50,85,85,0,0,29,49,49,62,72,72,148,148,164,89,289,300,317,317,351,351,351,626,104,104],"floor_reached":29,"playtime":1111,"items_purged":["Strike_G","Regret"],"score":652,"play_id":"9c52e13b-1601-4948-902b-899b1495ea5c","local_time":"20190715200706","is_ascension_mode":true,"campfire_choices":[{"data":"Choke","floor":7.0,"key":"SMITH"},{"data":"Well Laid Plans","floor":12.0,"key":"SMITH"},{"data":"Footwork","floor":15.0,"key":"SMITH"},{"data":"Reflex","floor":23.0,"key":"SMITH"},{"data":"Reflex","floor":25.0,"key":"SMITH"}],"neow_cost":"NONE","seed_source_timestamp":238377178118700,"circlet_count":0,"master_deck":["AscendersBane","Strike_G","Strike_G","Strike_G+1","Strike_G+1","Defend_G","Defend_G","Defend_G","Defend_G","Defend_G","Survivor","Neutralize","Well Laid Plans+1","Choke+1","Masterful Stab","Footwork+1","Escape Plan","Escape Plan","Reflex+1","Backflip","Grand Finale","Leg Sweep","Dodge and Roll","Reflex+1","Blind"],"special_seed":0,"relics":["Ring of the Snake","NeowsBlessing","Bronze Scales","Ornamental Fan","Boot","Coffee Dripper","Lantern","Pantograph"],"potions_floor_usage":[29,29],"damage_taken":[{"damage":0.0,"enemies":"Cultist","floor":1.0,"turns":1.0},{"damage":0.0,"enemies":"2 Louse","floor":4.0,"turns":1.0},{"damage":0.0,"enemies":"3 Sentries","floor":6.0,"turns":1.0},{"damage":6.0,"enemies":"Gremlin Nob","floor":10.0,"turns":3.0},{"damage":0.0,"enemies":"Jaw Worm","floor":11.0,"turns":3.0},{"damage":0.0,"enemies":"Red Slaver","floor":13.0,"turns":2.0},{"damage":6.0,"enemies":"Lots of Slimes","floor":14.0,"turns":5.0},{"damage":0.0,"enemies":"The Guardian","floor":16.0,"turns":11.0},{"damage":8.0,"enemies":"Shell Parasite","floor":18.0,"turns":5.0},{"damage":8.0,"enemies":"Chosen","floor":21.0,"turns":5.0},{"damage":0.0,"enemies":"Shelled Parasite and Fungi","floor":22.0,"turns":6.0},{"damage":28.0,"enemies":"Gremlin Leader","floor":24.0,"turns":9.0},{"damage":9,"enemies":"Slavers","floor":29,"turns":3}],"seed_played":"-368953198802141429","potions_obtained":[{"floor":4.0,"key":"Fire Potion"},{"floor":13.0,"key":"Block Potion"},{"floor":14.0,"key":"LiquidBronze"},{"floor":18.0,"key":"Weak Potion"}],"is_trial":false,"path_per_floor":["M","$","?","M","?","E","R","$","T","E","M","R","M","M","R","B",null,"M","$","?","M","M","R","E","R","T","?","$","E"],"character_chosen":"THE_SILENT","items_purchased":["Well Laid Plans","Footwork","Pantograph","Dexterity Potion","Blind"],"campfire_rested":0,"item_purchase_floors":[2,8,28,28,28],"current_hp_per_floor":[59,59,39,39,39,39,39,39,39,33,33,33,33,27,27,27,56,48,48,48,40,40,40,12,12,12,12,12,3],"gold":104,"neow_bonus":"THREE_ENEMY_KILL","is_prod":false,"is_daily":false,"chose_seed":false,"campfire_upgraded":5,"win_rate":0,"timestamp":1563188826,"path_taken":["M","$","?","M","?","E","R","$","T","E","M","R","M","M","R","BOSS","M","$","?","?","M","R","E","R","T","?","$","E"],"build_version":"2019-07-05","purchased_purges":2,"victory":false,"max_hp_per_floor":[66,66,66,66,66,66,66,66,66,66,66,66,66,66,66,66,66,66,66,66,66,66,66,66,66,66,66,66,66],"card_choices":[{"not_picked":["Underhanded Strike","Eviscerate","PiercingWail"],"picked":"SKIP","floor":1.0},{"not_picked":["Cloak And Dagger","Bane"],"picked":"Choke","floor":4.0},{"not_picked":["Finisher","Endless Agony"],"picked":"Masterful Stab","floor":6.0},{"not_picked":["Deadly Poison","Underhanded Strike"],"picked":"Escape Plan","floor":10.0},{"not_picked":["Backflip","Reflex"],"picked":"Escape Plan","floor":11.0},{"not_picked":["Distraction","PiercingWail"],"picked":"Reflex","floor":13.0},{"not_picked":["Deflect","Unload"],"picked":"Backflip","floor":14.0},{"not_picked":["Corpse Explosion","After Image"],"picked":"Grand Finale","floor":16.0},{"not_picked":["Dagger Spray","Blade Dance","Bane"],"picked":"SKIP","floor":18.0},{"not_picked":["Poisoned Stab","Flying Knee"],"picked":"Leg Sweep","floor":21.0},{"not_picked":["PiercingWail","Sucker Punch"],"picked":"Dodge and Roll","floor":22.0},{"not_picked":["Expertise","Sucker Punch"],"picked":"Reflex","floor":24.0}],"player_experience":1052279,"relics_obtained":[{"floor":6.0,"key":"Bronze Scales"},{"floor":9.0,"key":"Ornamental Fan"},{"floor":10.0,"key":"Boot"},{"floor":24.0,"key":"Lantern"}],"event_choices":[{"damage_healed":0.0,"max_hp_gain":0.0,"max_hp_loss":0.0,"gold_gain":0.0,"event_name":"Shining Light","player_choice":"Entered Light","floor":3.0,"gold_loss":0.0,"damage_taken":20.0,"cards_upgraded":["Strike_G","Strike_G"]},{"damage_healed":0.0,"max_hp_gain":0.0,"max_hp_loss":0.0,"gold_gain":0.0,"event_name":"Match and Keep!","player_choice":"0 cards matched","floor":5.0,"gold_loss":0.0,"damage_taken":0.0,"cards_obtained":[]},{"damage_healed":0.0,"max_hp_gain":0.0,"max_hp_loss":0.0,"gold_gain":200.0,"event_name":"Wheel of Change","player_choice":"Gold","floor":20.0,"gold_loss":0.0,"damage_taken":0.0},{"damage_healed":0,"gold_gain":275,"player_choice":"Desecrate","damage_taken":0,"max_hp_gain":0,"max_hp_loss":0,"event_name":"Golden Shrine","floor":27,"gold_loss":0,"cards_obtained":["Regret"]}],"is_beta":false,"boss_relics":[{"not_picked":["Ring of the Serpent","Ectoplasm"],"picked":"Coffee Dripper"}],"items_purged_floors":[19,28],"is_endless":false,"potions_floor_spawned":[4,13,14,18],"killed_by":"Slavers","ascension_level":20}