{"gold_per_floor":[118,43,54,54,74,74,103,103,103,122,134,84,84,96,96,195,195,209,209,209,209,109,109,34,34,110,110,125,142,142,17,17,17],"floor_reached":33,"playtime":774,"items_purged":["Strike_B","Defend_B","Strike_B"],"score":243,"play_id":"fc34ef60-c8bc-4c7b-be0a-f7900f315de6","local_time":"20190728144556","is_ascension_mode":false,"campfire_choices":[{"data":"Dualcast","floor":6.0,"key":"SMITH"},{"data":"Leap","floor":8.0,"key":"SMITH"},{"data":"Sunder","floor":13.0,"key":"SMITH"},{"data":"Leap","floor":15.0,"key":"SMITH"},{"data":"Defragment","floor":23.0,"key":"SMITH"},{"data":"Seek","floor":25.0,"key":"SMITH"},{"data":"Leap","floor":27.0,"key":"SMITH"},{"data":"Hyperbeam","floor":32,"key":"SMITH"}],"neow_cost":"TEN_PERCENT_HP_LOSS","seed_source_timestamp":7260771021693,"circlet_count":0,"master_deck":["Strike_B","Strike_B","Defend_B","Defend_B","Zap+1","Dualcast+1","Ball Lightning+1","Leap+1","Leap+1","Sunder+1","Leap+1","Seek+1","Hyperbeam+1","Ball Lightning+1","Defragment+1","Coolheaded+1"],"special_seed":0,"relics":["Cracked Core","Mango","Bottled Lightning","Mercury Hourglass","Coffee Dripper","Singing Bowl","Nilry\u0027s Codex"],"potions_floor_usage":[],"damage_taken":[{"damage":0.0,"enemies":"Small Slimes","floor":1.0,"turns":3.0},{"damage":0.0,"enemies":"2 Louse","floor":3.0,"turns":2.0},{"damage":1.0,"enemies":"Jaw Worm","floor":5.0,"turns":2.0},{"damage":16.0,"enemies":"3 Sentries","floor":7.0,"turns":6.0},{"damage":0.0,"enemies":"Large Slime","floor":10.0,"turns":4.0},{"damage":0.0,"enemies":"Looter","floor":11.0,"turns":2.0},{"damage":0.0,"enemies":"Lots of Slimes","floor":14.0,"turns":2.0},{"damage":19.0,"enemies":"Slime Boss","floor":16.0,"turns":7.0},{"damage":0.0,"enemies":"3 Byrds","floor":18.0,"turns":1.0},{"damage":0.0,"enemies":"Shell Parasite","floor":28.0,"turns":3.0},{"damage":0,"enemies":"Centurion and Healer","floor":29,"turns":5},{"damage":66,"enemies":"Collector","floor":33,"turns":7}],"seed_played":"2300396725498660263","potions_obtained":[{"floor":3.0,"key":"LiquidBronze"},{"floor":11.0,"key":"Weak Potion"},{"floor":14.0,"key":"LiquidBronze"}],"is_trial":false,"path_per_floor":["M","$","M","?","M","R","E","R","T","M","M","?","R","M","R","B",null,"M","?","?","?","$","R","$","R","T","R","M","M","?","$","R","B"],"character_chosen":"DEFECT","items_purchased":["FocusPotion"],"campfire_rested":0,"item_purchase_floors":[24],"current_hp_per_floor":[82,82,82,66,65,65,49,49,49,49,49,49,49,49,49,30,82,82,66,66,66,66,66,66,66,66,66,66,68,52,52,52,0],"gold":17,"neow_bonus":"ONE_RARE_RELIC","is_prod":false,"is_daily":false,"chose_seed":false,"campfire_upgraded":8,"win_rate":0,"timestamp":1564346756,"path_taken":["M","$","M","?","M","R","E","R","T","M","M","?","R","M","R","BOSS","M","?","?","?","$","R","$","R","T","R","M","M","?","?","R","BOSS"],"build_version":"2019-07-17","purchased_purges":3,"victory":false,"max_hp_per_floor":[82,82,82,82,82,82,82,82,82,82,82,82,82,82,82,82,82,82,87,87,87,87,87,87,87,87,87,87,89,89,89,89,89],"card_choices":[{"not_picked":["Coolheaded","Storm"],"picked":"Ball Lightning","floor":1.0},{"not_picked":["Gash","Go for the Eyes"],"picked":"Leap","floor":3.0},{"not_picked":["Barrage","Storm","Genetic Algorithm"],"picked":"SKIP","floor":5.0},{"not_picked":["Force Field","Stack"],"picked":"Leap","floor":7.0},{"not_picked":["Compile Driver","Streamline"],"picked":"Sunder","floor":10.0},{"not_picked":["Go for the Eyes","Barrage"],"picked":"Leap","floor":11.0},{"not_picked":["Melter","Genetic Algorithm"],"picked":"Seek","floor":14.0},{"not_picked":["Machine Learning","Reboot"],"picked":"Hyperbeam","floor":16.0},{"not_picked":["Undo+1","Hologram"],"picked":"Ball Lightning+1","floor":18.0},{"not_picked":["Cold Snap","Beam Cell"],"picked":"Coolheaded+1","floor":28.0},{"not_picked":["Coolheaded","Steam+1","Rip and Tear"],"picked":"Singing Bowl","floor":29}],"player_experience":1571992,"relics_obtained":[{"floor":7.0,"key":"Bottled Lightning"},{"floor":9.0,"key":"Mercury Hourglass"},{"floor":26.0,"key":"Singing Bowl"},{"floor":30,"key":"Nilry\u0027s Codex"}],"event_choices":[{"damage_healed":0.0,"max_hp_gain":0.0,"max_hp_loss":0.0,"gold_gain":0.0,"event_name":"Shining Light","player_choice":"Entered Light","floor":4.0,"gold_loss":0.0,"damage_taken":16.0,"cards_upgraded":["Zap","Ball Lightning"]},{"cards_removed":["Defend_B"],"damage_healed":0.0,"max_hp_gain":0.0,"max_hp_loss":0.0,"gold_gain":0.0,"event_name":"The Cleric","player_choice":"Card Removal","floor":12.0,"gold_loss":50.0,"damage_taken":0.0},{"damage_healed":0.0,"max_hp_gain":5.0,"max_hp_loss":0.0,"gold_gain":0.0,"event_name":"Forgotten Altar","player_choice":"Shed Blood","floor":19.0,"gold_loss":0.0,"damage_taken":21.0},{"damage_healed":0.0,"max_hp_gain":0.0,"max_hp_loss":0.0,"gold_gain":0.0,"event_name":"Vampires","player_choice":"Ignored","floor":20.0,"gold_loss":0.0,"damage_taken":0.0},{"damage_healed":0.0,"max_hp_gain":0.0,"max_hp_loss":0.0,"gold_gain":0.0,"event_name":"The Library","player_choice":"Read","floor":21.0,"gold_loss":0.0,"damage_taken":0.0,"cards_obtained":["Defragment"]},{"damage_healed":0,"gold_gain":0,"player_choice":"Obtained Book","damage_taken":16,"max_hp_gain":0,"max_hp_loss":0,"event_name":"Cursed Tome","floor":30,"gold_loss":0}],"is_beta":false,"boss_relics":[{"not_picked":["Eternal Feather","Black Star"],"picked":"Coffee Dripper"}],"items_purged_floors":[2,22,31],"is_endless":false,"potions_floor_spawned":[3,11,14],"killed_by":"Collector","ascension_level":0}