{"gold_per_floor":[114,114,114,114,127,127,145,145,170,181,181],"floor_reached":11,"playtime":218,"items_purged":[],"score":126,"play_id":"5cec9557-7fd9-47f9-8ec6-251919d62589","local_time":"20190729173440","is_ascension_mode":true,"campfire_choices":[{"floor":6,"key":"REST"}],"neow_cost":"NONE","seed_source_timestamp":871931499896200,"circlet_count":0,"master_deck":["AscendersBane","Strike_B","Strike_B","Strike_B","Strike_B","Defend_B+1","Defend_B","Defend_B","Defend_B","Zap+1","Dualcast","White Noise","Hologram","Genetic Algorithm","Parasite"],"relics":["Busted Crown","Centennial Puzzle"],"potions_floor_usage":[11,11],"damage_taken":[{"damage":9,"enemies":"Jaw Worm","floor":1,"turns":4},{"damage":7,"enemies":"Small Slimes","floor":5,"turns":4},{"damage":6,"enemies":"2 Louse","floor":7,"turns":3},{"damage":10,"enemies":"Red Slaver","floor":10,"turns":3},{"damage":50,"enemies":"Gremlin Nob","floor":11,"turns":3}],"seed_played":"5914780386575343132","potions_obtained":[{"floor":7,"key":"Explosive Potion"},{"floor":10,"key":"PowerPotion"}],"is_trial":false,"path_per_floor":["M","$","?","?","M","R","M","?","T","M","E"],"character_chosen":"DEFECT","items_purchased":[],"campfire_rested":1,"item_purchase_floors":[],"current_hp_per_floor":[55,55,34,34,27,48,42,42,42,32,0],"gold":181,"neow_bonus":"BOSS_RELIC","is_prod":false,"is_daily":false,"chose_seed":false,"campfire_upgraded":0,"win_rate":0,"timestamp":1564389280,"path_taken":["M","$","?","?","?","R","M","?","T","?","E"],"build_version":"2019-07-17","purchased_purges":0,"victory":false,"max_hp_per_floor":[71,71,71,71,71,71,71,71,71,71,71],"card_choices":[{"not_picked":["Turbo"],"picked":"SKIP","floor":1},{"not_picked":[],"picked":"White Noise","floor":5},{"not_picked":[],"picked":"Hologram","floor":7},{"not_picked":["Steam"],"picked":"SKIP","floor":10}],"player_experience":1285004,"relics_obtained":[{"floor":9,"key":"Centennial Puzzle"}],"event_choices":[{"damage_healed":0,"gold_gain":0,"player_choice":"Entered Light","damage_taken":21,"max_hp_gain":0,"max_hp_loss":0,"event_name":"Shining Light","floor":3,"gold_loss":0,"cards_upgraded":["Defend_B","Zap"]},{"damage_healed":0,"gold_gain":0,"player_choice":"Ignored","damage_taken":0,"max_hp_gain":0,"max_hp_loss":0,"event_name":"Liars Game","floor":4,"gold_loss":0},{"damage_healed":0,"gold_gain":0,"player_choice":"2 cards matched","damage_taken":0,"max_hp_gain":0,"max_hp_loss":0,"event_name":"Match and Keep!","floor":8,"gold_loss":0,"cards_obtained":["Genetic Algorithm","Parasite"]}],"is_beta":false,"boss_relics":[],"items_purged_floors":[],"is_endless":false,"potions_floor_spawned":[7,10],"killed_by":"Gremlin Nob","ascension_level":20}