{"gold_per_floor":[113,113,113,29,104,142,142,186,258,271,296,31,50,50,50,50],"floor_reached":16,"playtime":335,"items_purged":["Strike_R"],"score":266,"play_id":"41e027f2-f266-4a68-91c2-fa2645d749a2","local_time":"20190615204229","is_ascension_mode":true,"campfire_choices":[{"floor":7.0,"key":"REST"},{"data":"Body Slam","floor":15.0,"key":"SMITH"}],"neow_cost":"NONE","seed_source_timestamp":108610231653300,"circlet_count":0,"master_deck":["AscendersBane","Strike_R+1","Defend_R","Defend_R","Defend_R","Defend_R","Bash","Power Through","Fiend Fire","Flame Barrier+1","Shrug It Off+1","Body Slam+1","Offering+1","Entrench+1"],"special_seed":0,"relics":["Empty Cage","Golden Idol","Toxic Egg 2","Pear"],"potions_floor_usage":[],"damage_taken":[{"damage":9.0,"enemies":"Jaw Worm","floor":1.0,"turns":5.0},{"damage":5.0,"enemies":"Lagavulin","floor":6.0,"turns":5.0},{"damage":0.0,"enemies":"Gremlin Nob","floor":8.0,"turns":3.0},{"damage":3.0,"enemies":"2 Louse","floor":10.0,"turns":2.0},{"damage":0.0,"enemies":"Cultist","floor":11.0,"turns":3.0},{"damage":14.0,"enemies":"Exordium Thugs","floor":13.0,"turns":2.0},{"damage":12,"enemies":"Hexaghost","floor":16,"turns":9}],"seed_played":"5898369683844163729","potions_obtained":[{"floor":1.0,"key":"Swift Potion"},{"floor":6.0,"key":"AttackPotion"}],"is_trial":false,"path_per_floor":["M","?","?","$","?","E","R","E","T","M","M","$","M","?","R","B"],"character_chosen":"IRONCLAD","items_purchased":["Fiend Fire","Body Slam","Offering+1"],"campfire_rested":1,"item_purchase_floors":[4,12,12],"current_hp_per_floor":[59,59,39,39,28,23,43,43,53,50,50,50,36,29,29,17],"gold":50,"neow_bonus":"BOSS_RELIC","is_prod":false,"is_daily":false,"chose_seed":false,"campfire_upgraded":1,"win_rate":0,"timestamp":1560598949,"path_taken":["M","?","?","?","?","E","R","E","T","?","M","$","M","?","R","BOSS"],"build_version":"2019-01-23","purchased_purges":1,"victory":false,"max_hp_per_floor":[75,68,68,68,68,68,68,68,78,78,78,78,78,78,78,78],"card_choices":[{"not_picked":["Thunderclap","Second Wind"],"picked":"Power Through","floor":1.0},{"not_picked":["Twin Strike","Iron Wave"],"picked":"Flame Barrier","floor":6.0},{"not_picked":["Clothesline","Headbutt","Perfected Strike"],"picked":"SKIP","floor":8.0},{"not_picked":["Perfected Strike","Sever Soul","Cleave"],"picked":"SKIP","floor":10.0},{"not_picked":["Headbutt","Havoc+1"],"picked":"Shrug It Off+1","floor":11.0},{"not_picked":["Clothesline","Thunderclap"],"picked":"Entrench+1","floor":13.0}],"player_experience":673251,"relics_obtained":[{"floor":6.0,"key":"Toxic Egg 2"},{"floor":9.0,"key":"Pear"}],"event_choices":[{"damage_healed":0.0,"max_hp_gain":0.0,"max_hp_loss":7.0,"gold_gain":0.0,"event_name":"Golden Idol","player_choice":"Lose Max HP","floor":2.0,"gold_loss":0.0,"damage_taken":0.0,"relics_obtained":["Golden Idol"]},{"damage_healed":0.0,"max_hp_gain":0.0,"max_hp_loss":0.0,"gold_gain":0.0,"event_name":"Shining Light","player_choice":"Entered Light","floor":3.0,"gold_loss":0.0,"damage_taken":20.0,"cards_upgraded":["Strike_R","Strike_R"]},{"damage_healed":0.0,"max_hp_gain":0.0,"max_hp_loss":0.0,"gold_gain":75.0,"event_name":"World of Goop","player_choice":"Gather Gold","floor":5.0,"gold_loss":0.0,"damage_taken":11.0},{"cards_removed":["Strike_R"],"damage_healed":0.0,"max_hp_gain":0.0,"max_hp_loss":0.0,"gold_gain":0.0,"event_name":"Golden Wing","player_choice":"Card Removal","floor":14.0,"gold_loss":0.0,"damage_taken":7.0}],"is_beta":false,"boss_relics":[],"items_purged_floors":[12],"is_endless":false,"potions_floor_spawned":[1,6],"killed_by":"Hexaghost","ascension_level":20}