{"gold_per_floor":[109,127,127,23,23,23,56,56,56,56,96,96,129,157,169,277,289,317,347,284,296],"floor_reached":21,"playtime":575,"items_purged":[],"score":390,"play_id":"364b2c3b-d0e9-4b0d-937a-820da1354da5","local_time":"20190611214747","is_ascension_mode":true,"campfire_choices":[{"data":"Sunder","floor":6,"key":"SMITH"},{"data":"Consume","floor":8,"key":"SMITH"},{"floor":12,"key":"REST"},{"data":"Coolheaded","floor":15,"key":"SMITH"}],"neow_cost":"NONE","seed_source_timestamp":287716460584000,"circlet_count":0,"master_deck":["AscendersBane","Strike_B","Strike_B","Strike_B","Defend_B","Defend_B","Defend_B","Defend_B","Zap","Dualcast","Electrodynamics","Sunder+1","Self Repair","Coolheaded+1","Consume+1","Electrodynamics","White Noise","Rainbow","Compile Driver","Glacier"],"relics":["Cracked Core","Golden Idol","Symbiotic Virus","Blue Candle","Bird Faced Urn","Ornamental Fan","MawBank","Nuclear Battery"],"potions_floor_usage":[7,16,19],"damage_taken":[{"damage":1,"enemies":"Cultist","floor":1,"turns":3},{"damage":0,"enemies":"Small Slimes","floor":2,"turns":2},{"damage":20,"enemies":"Gremlin Nob","floor":7,"turns":4},{"damage":30,"enemies":"3 Sentries","floor":11,"turns":5},{"damage":14,"enemies":"Gremlin Nob","floor":13,"turns":3},{"damage":3,"enemies":"2 Louse","floor":14,"turns":2},{"damage":34,"enemies":"The Guardian","floor":16,"turns":9},{"damage":42,"enemies":"Shell Parasite","floor":18,"turns":5},{"damage":23,"enemies":"Spheric Guardian","floor":19,"turns":4},{"damage":22,"enemies":"Colosseum Slavers","floor":21,"turns":2},{"damage":48,"enemies":"Colosseum Nobs","floor":21,"turns":4}],"seed_played":"5939439640791096773","potions_obtained":[{"floor":2,"key":"Block Potion"},{"floor":13,"key":"Swift Potion"},{"floor":16,"key":"Regen Potion"}],"is_trial":false,"path_per_floor":["M","M","?","$","?","R","E","R","T","?","E","R","E","M","R","B",null,"M","M","?","?"],"character_chosen":"DEFECT","items_purchased":["Self Repair","Coolheaded"],"campfire_rested":1,"item_purchase_floors":[4,4],"current_hp_per_floor":[63,63,63,63,58,58,45,45,45,45,28,47,37,45,45,26,55,28,29,29,0],"gold":296,"neow_bonus":"ONE_RANDOM_RARE_CARD","is_prod":false,"is_daily":false,"chose_seed":false,"campfire_upgraded":3,"win_rate":0,"timestamp":1560257267,"path_taken":["M","?","?","$","?","R","E","R","T","?","E","R","E","M","R","BOSS","M","?","?","?"],"build_version":"2019-01-23","purchased_purges":0,"victory":false,"max_hp_per_floor":[71,71,64,64,64,64,64,64,64,64,64,64,64,64,64,64,64,64,64,64,64],"card_choices":[{"not_picked":["Compile Driver","Scrape","Stack"],"picked":"SKIP","floor":1},{"not_picked":["Rebound","Compile Driver"],"picked":"Sunder","floor":2},{"not_picked":["Sweeping Beam","Self Repair"],"picked":"Consume","floor":7},{"not_picked":["Buffer","Sweeping Beam"],"picked":"White Noise","floor":11},{"not_picked":["Streamline","Fusion","Ball Lightning"],"picked":"SKIP","floor":13},{"not_picked":["Turbo","Streamline","Steam"],"picked":"SKIP","floor":14},{"not_picked":["Meteor Strike","Machine Learning"],"picked":"Rainbow","floor":16},{"not_picked":["Skim","Go for the Eyes"],"picked":"Compile Driver","floor":18},{"not_picked":["Loop","Scrape+1"],"picked":"Glacier","floor":19}],"player_experience":587660,"relics_obtained":[{"floor":7,"key":"Blue Candle"},{"floor":9,"key":"Bird Faced Urn"},{"floor":11,"key":"Ornamental Fan"},{"floor":13,"key":"MawBank"}],"event_choices":[{"damage_healed":0,"gold_gain":0,"player_choice":"Lose Max HP","damage_taken":0,"relics_obtained":["Golden Idol"],"max_hp_gain":0,"max_hp_loss":7,"event_name":"Golden Idol","floor":3,"gold_loss":0},{"damage_healed":0,"gold_gain":0,"player_choice":"Success","damage_taken":5,"relics_obtained":["Symbiotic Virus"],"max_hp_gain":0,"max_hp_loss":0,"event_name":"Scrap Ooze","floor":5,"gold_loss":0},{"damage_healed":0,"gold_gain":0,"player_choice":"1 cards matched","damage_taken":0,"max_hp_gain":0,"max_hp_loss":0,"event_name":"Match and Keep!","floor":10,"gold_loss":0,"cards_obtained":["Electrodynamics"]},{"cards_removed":["Strike_B"],"damage_healed":0,"gold_gain":0,"player_choice":"Gave Gold","damage_taken":0,"max_hp_gain":0,"max_hp_loss":0,"event_name":"Beggar","floor":20,"gold_loss":75},{"damage_healed":0,"gold_gain":0,"player_choice":"Fight","damage_taken":0,"max_hp_gain":0,"max_hp_loss":0,"event_name":"Colosseum","floor":21,"gold_loss":0},{"damage_healed":0,"gold_gain":0,"player_choice":"Fought Nobs","damage_taken":0,"max_hp_gain":0,"max_hp_loss":0,"event_name":"Colosseum","floor":21,"gold_loss":0}],"is_beta":false,"boss_relics":[{"not_picked":["Ectoplasm","Pandora\u0027s Box"],"picked":"Nuclear Battery"}],"items_purged_floors":[],"is_endless":false,"potions_floor_spawned":[2,13,16],"killed_by":"Colosseum Nobs","ascension_level":20}