{"gold_per_floor":[110,35,35,50,50,50,75,87,139,289,289,10,10,29,29,100,100,112,112,126,51,51,51,79,79,106,206,206,241,256,256],"floor_reached":31,"playtime":793,"items_purged":["Doubt"],"score":588,"play_id":"ee7ee6ab-9c7a-4c35-bbc7-6474f65831a2","local_time":"20190725174411","is_ascension_mode":true,"campfire_choices":[{"data":"Crippling Poison","floor":6,"key":"SMITH"},{"data":"Neutralize","floor":11,"key":"SMITH"},{"data":"Caltrops","floor":13,"key":"SMITH"},{"data":"Calculated Gamble","floor":15,"key":"SMITH"},{"floor":23,"key":"REST"},{"floor":25,"key":"REST"},{"floor":28,"key":"REST"}],"neow_cost":"NONE","seed_source_timestamp":526319910900800,"circlet_count":0,"master_deck":["AscendersBane","Strike_G","Strike_G","Defend_G","Defend_G","Defend_G","Defend_G","Defend_G","Survivor","Neutralize+1","Escape Plan","Caltrops+1","Crippling Poison+1","Riddle With Holes","Calculated Gamble+1","Infinite Blades","Endless Agony","A Thousand Cuts","Blade Dance","Necronomicurse","Finisher","Decay","Corpse Explosion","Slice","Tactician","Escape Plan"],"relics":["Ring of the Snake","NeowsBlessing","Boot","Ginger","Pen Nib","Regal Pillow","WristBlade","Necronomicon","Matryoshka","Dodecahedron","Bronze Scales","Calipers","Bottled Lightning","Vajra"],"potions_floor_usage":[18,24],"damage_taken":[{"damage":0,"enemies":"Jaw Worm","floor":1,"turns":1},{"damage":0,"enemies":"2 Louse","floor":4,"turns":1},{"damage":0,"enemies":"3 Sentries","floor":7,"turns":1},{"damage":0,"enemies":"Cultist","floor":8,"turns":3},{"damage":0,"enemies":"2 Fungi Beasts","floor":14,"turns":3},{"damage":45,"enemies":"Slime Boss","floor":16,"turns":10},{"damage":5,"enemies":"3 Byrds","floor":18,"turns":3},{"damage":9,"enemies":"2 Thieves","floor":20,"turns":4},{"damage":33,"enemies":"Slavers","floor":24,"turns":5},{"damage":23,"enemies":"Colosseum Slavers","floor":27,"turns":4},{"damage":22,"enemies":"Colosseum Nobs","floor":27,"turns":4},{"damage":32,"enemies":"Book of Stabbing","floor":29,"turns":3},{"damage":2,"enemies":"3 Cultists","floor":30,"turns":2},{"damage":11,"enemies":"Centurion and Healer","floor":31,"turns":1}],"seed_played":"-3310764497539537119","potions_obtained":[{"floor":1,"key":"SpeedPotion"},{"floor":8,"key":"FairyPotion"},{"floor":20,"key":"Poison Potion"},{"floor":27,"key":"Fire Potion"}],"is_trial":false,"path_per_floor":["M","?","?","M","?","R","E","M","T","?","R","$","R","M","R","B",null,"M","?","M","?","?","R","E","R","T","?","R","E","M","M"],"character_chosen":"THE_SILENT","items_purchased":["Regal Pillow","Infinite Blades"],"campfire_rested":3,"item_purchase_floors":[12,12],"current_hp_per_floor":[59,59,59,59,48,48,48,48,48,48,48,48,48,48,48,3,50,45,24,15,15,15,49,16,50,50,5,39,7,5,0],"gold":256,"neow_bonus":"THREE_ENEMY_KILL","is_prod":false,"is_daily":false,"chose_seed":false,"campfire_upgraded":4,"win_rate":0,"timestamp":1564044251,"path_taken":["M","?","?","?","?","R","E","M","T","?","R","$","R","M","R","BOSS","M","?","M","?","?","R","E","R","T","?","R","E","?","M"],"build_version":"2019-07-17","purchased_purges":1,"victory":false,"max_hp_per_floor":[66,66,66,66,66,66,66,66,66,66,66,66,66,66,66,66,66,66,66,66,66,66,66,66,66,66,66,66,66,66,66],"card_choices":[{"not_picked":["Choke","Acrobatics"],"picked":"Escape Plan","floor":1},{"not_picked":["Finisher","Prepared"],"picked":"Crippling Poison","floor":4},{"not_picked":["Finisher","Flechettes"],"picked":"Riddle With Holes","floor":7},{"not_picked":["Dagger Throw","Deadly Poison"],"picked":"Calculated Gamble","floor":8},{"not_picked":["Sucker Punch","Dodge and Roll","Endless Agony"],"picked":"SKIP","floor":14},{"not_picked":["Sucker Punch","Dodge and Roll"],"picked":"Endless Agony","floor":14},{"not_picked":["Tools of the Trade","Wraith Form v2"],"picked":"A Thousand Cuts","floor":16},{"not_picked":["PiercingWail","Distraction"],"picked":"Blade Dance","floor":18},{"not_picked":["Prepared+1","Poisoned Stab"],"picked":"Finisher","floor":20},{"not_picked":["Poisoned Stab","Acrobatics"],"picked":"Corpse Explosion","floor":24},{"not_picked":["Dash","Prepared"],"picked":"Slice","floor":27},{"not_picked":["Unload","Infinite Blades"],"picked":"Tactician","floor":29},{"not_picked":["Leg Sweep","Setup"],"picked":"Escape Plan","floor":30}],"player_experience":1205382,"relics_obtained":[{"floor":7,"key":"Ginger"},{"floor":9,"key":"Pen Nib"},{"floor":19,"key":"Necronomicon"},{"floor":24,"key":"Matryoshka"},{"floor":26,"key":"Dodecahedron"},{"floor":26,"key":"Bronze Scales"},{"floor":27,"key":"Calipers"},{"floor":27,"key":"Bottled Lightning"},{"floor":29,"key":"Vajra"}],"event_choices":[{"cards_removed":["Strike_G"],"damage_healed":0,"gold_gain":0,"player_choice":"Card Removal","damage_taken":0,"max_hp_gain":0,"max_hp_loss":0,"event_name":"The Cleric","floor":2,"gold_loss":75},{"damage_healed":0,"gold_gain":0,"cards_transformed":["Strike_G"],"player_choice":"Transformed","damage_taken":0,"max_hp_gain":0,"max_hp_loss":0,"event_name":"Transmorgrifier","floor":3,"gold_loss":0,"cards_obtained":["Caltrops"]},{"damage_healed":0,"gold_gain":0,"player_choice":"Success","damage_taken":11,"relics_obtained":["Boot"],"max_hp_gain":0,"max_hp_loss":0,"event_name":"Scrap Ooze","floor":5,"gold_loss":0},{"damage_healed":0,"gold_gain":150,"player_choice":"AGREE","damage_taken":0,"max_hp_gain":0,"max_hp_loss":0,"event_name":"Liars Game","floor":10,"gold_loss":0,"cards_obtained":["Doubt"]},{"damage_healed":0,"gold_gain":0,"player_choice":"Obtained Book","damage_taken":21,"max_hp_gain":0,"max_hp_loss":0,"event_name":"Cursed Tome","floor":19,"gold_loss":0},{"cards_removed":["Strike_G"],"damage_healed":0,"gold_gain":0,"player_choice":"Gave Gold","damage_taken":0,"max_hp_gain":0,"max_hp_loss":0,"event_name":"Beggar","floor":21,"gold_loss":75},{"damage_healed":0,"gold_gain":0,"player_choice":"Smashed Altar","damage_taken":0,"max_hp_gain":0,"max_hp_loss":0,"event_name":"Forgotten Altar","floor":22,"gold_loss":0,"cards_obtained":["Decay"]},{"damage_healed":0,"gold_gain":0,"player_choice":"Fight","damage_taken":0,"max_hp_gain":0,"max_hp_loss":0,"event_name":"Colosseum","floor":27,"gold_loss":0},{"damage_healed":0,"gold_gain":0,"player_choice":"Fought Nobs","damage_taken":0,"max_hp_gain":0,"max_hp_loss":0,"event_name":"Colosseum","floor":27,"gold_loss":0}],"is_beta":false,"boss_relics":[{"not_picked":["Tiny House","Ring of the Serpent"],"picked":"WristBlade"}],"items_purged_floors":[12],"is_endless":false,"potions_floor_spawned":[1,8,16,20,27],"killed_by":"Centurion and Healer","ascension_level":20}