{"gold_per_floor":[109,122,82,101,101,101,128,128,154,187,187,204,204,204,204,281,281,295,4,17,17,17,50,50,82,82,96,6,6,32,82,82,153,153,165,165,1164,1178,225,225,225,250,250,250,267,267,300,314,314,314,314,314,314,53,88,88],"floor_reached":57,"playtime":2220,"items_purged":["Strike_B","Normality","Normality"],"score":2719,"play_id":"eac18e37-f683-4aa4-b2ae-7243624dc135","local_time":"20190710194233","is_ascension_mode":true,"campfire_choices":[{"data":"Streamline","floor":6.0,"key":"SMITH"},{"floor":8.0,"key":"REST"},{"data":"Barrage","floor":11.0,"key":"SMITH"},{"data":"Self Repair","floor":13.0,"key":"SMITH"},{"floor":15.0,"key":"REST"},{"floor":24.0,"key":"REST"},{"floor":29.0,"key":"REST"},{"data":"Blizzard","floor":32.0,"key":"SMITH"},{"floor":40.0,"key":"REST"},{"data":"Biased Cognition","floor":44.0,"key":"SMITH"},{"floor":49.0,"key":"RECALL"},{"data":"Consume","floor":53.0,"key":"SMITH"}],"neow_cost":"PERCENT_DAMAGE","seed_source_timestamp":225243814765400,"circlet_count":0,"master_deck":["AscendersBane","Strike_B","Defend_B","Defend_B+1","Defend_B","Zap","Dualcast+1","Streamline+1","Ball Lightning","Cold Snap","Tempest","Barrage+1","Self Repair+1","Electrodynamics","Defragment+1","Static Discharge+1","Turbo","Glacier","Capacitor","Glacier","Blizzard+1","Echo Form","Creative AI","Self Repair","Coolheaded","Loop","Apotheosis","Core Surge","Biased Cognition+1","Recycle","Panacea","Consume+1","Parasite","Meteor Strike"],"special_seed":0,"relics":["Cracked Core","War Paint","Happy Flower","Vajra","Inserter","Lantern","Mummified Hand","Centennial Puzzle","Gremlin Horn","Dodecahedron","Snecko Eye","Frozen Eye","Strawberry","Ancient Tea Set","Shuriken","Art of War"],"potions_floor_usage":[56],"damage_taken":[{"damage":12.0,"enemies":"Small Slimes","floor":1.0,"turns":3.0},{"damage":6.0,"enemies":"Cultist","floor":2.0,"turns":3.0},{"damage":2.0,"enemies":"Jaw Worm","floor":4.0,"turns":3.0},{"damage":8.0,"enemies":"Gremlin Nob","floor":7.0,"turns":3.0},{"damage":21.0,"enemies":"3 Sentries","floor":10.0,"turns":6.0},{"damage":6.0,"enemies":"Gremlin Gang","floor":12.0,"turns":4.0},{"damage":36.0,"enemies":"Slime Boss","floor":16.0,"turns":8.0},{"damage":28.0,"enemies":"2 Thieves","floor":18.0,"turns":3.0},{"damage":4.0,"enemies":"3 Byrds","floor":20.0,"turns":1.0},{"damage":34.0,"enemies":"Slavers","floor":23.0,"turns":3.0},{"damage":29.0,"enemies":"Gremlin Leader","floor":25.0,"turns":4.0},{"damage":7.0,"enemies":"Centurion and Healer","floor":27.0,"turns":4.0},{"damage":25.0,"enemies":"Book of Stabbing","floor":30.0,"turns":4.0},{"damage":42.0,"enemies":"Champ","floor":33.0,"turns":10.0},{"damage":21.0,"enemies":"3 Darklings","floor":35.0,"turns":3.0},{"damage":17.0,"enemies":"Orb Walker","floor":38.0,"turns":3.0},{"damage":10.0,"enemies":"Giant Head","floor":42.0,"turns":8.0},{"damage":0.0,"enemies":"Maw","floor":45.0,"turns":6.0},{"damage":3.0,"enemies":"Reptomancer","floor":47.0,"turns":3.0},{"damage":0.0,"enemies":"Writhing Mass","floor":48.0,"turns":5.0},{"damage":3.0,"enemies":"Donu and Deca","floor":50.0,"turns":8.0},{"damage":19.0,"enemies":"Time Eater","floor":51.0,"turns":10.0},{"damage":35.0,"enemies":"Shield and Spear","floor":55.0,"turns":2.0},{"damage":55,"enemies":"The Heart","floor":56,"turns":9}],"seed_played":"3980383354972074971","potions_obtained":[{"floor":3.0,"key":"Fruit Juice"},{"floor":3.0,"key":"Dexterity Potion"},{"floor":3.0,"key":"EntropicBrew"},{"floor":16.0,"key":"SpeedPotion"},{"floor":18.0,"key":"FairyPotion"},{"floor":35.0,"key":"SkillPotion"},{"floor":42.0,"key":"Ancient Potion"},{"floor":45.0,"key":"GamblersBrew"}],"is_trial":false,"path_per_floor":["M","M","?","M","?","R","E","R","T","E","R","M","R","?","R","B",null,"M","$","M","?","?","E","R","E","T","M","$","R","E","?","R","B",null,"M","?","?","M","$","R","?","E","T","R","M","?","E","M","R","B","B",null,"R","$","E","B",null],"character_chosen":"DEFECT","items_purchased":["Lantern","Static Discharge","Blizzard","Loop","Apotheosis","Core Surge","Hologram","Frozen Eye","Strawberry","Meteor Strike","PowerPotion"],"campfire_rested":5,"item_purchase_floors":[19,19,28,39,39,39,39,39,39,54,54],"current_hp_per_floor":[34,28,33,31,31,31,23,45,45,24,24,18,18,18,40,14,61,43,43,49,49,49,15,37,18,18,21,21,43,28,28,28,27,64,43,43,43,33,40,63,63,79,79,79,79,79,79,79,79,79,79,79,79,79,61,36],"gold":88,"neow_bonus":"REMOVE_TWO","is_prod":false,"is_daily":false,"chose_seed":false,"campfire_upgraded":6,"win_rate":0,"timestamp":1562755353,"path_taken":["M","M","?","?","?","R","E","R","T","E","R","?","R","?","R","BOSS","M","$","M","?","?","E","R","E","T","?","?","R","E","?","R","BOSS","M","?","?","M","$","R","?","E","T","R","M","?","E","M","R","BOSS","BOSS","R","$","E","BOSS"],"build_version":"2019-07-05","purchased_purges":3,"victory":true,"max_hp_per_floor":[71,71,76,76,76,76,76,76,76,76,76,76,76,76,76,76,76,76,76,76,76,76,76,76,76,76,76,76,76,76,76,76,76,76,76,72,72,72,79,79,79,79,79,79,79,79,79,79,79,79,79,79,79,79,79,79],"card_choices":[{"not_picked":["Gash","Steam Power"],"picked":"Streamline","floor":1.0},{"not_picked":["Sweeping Beam","Sunder"],"picked":"Ball Lightning","floor":2.0},{"not_picked":["Coolheaded","Gash"],"picked":"Cold Snap","floor":4.0},{"not_picked":["Stack","Steam"],"picked":"Tempest","floor":7.0},{"not_picked":["Heatsinks","Chaos"],"picked":"Barrage","floor":10.0},{"not_picked":["Hello World","Loop"],"picked":"Self Repair","floor":12.0},{"not_picked":["Creative AI","Buffer"],"picked":"Electrodynamics","floor":16.0},{"not_picked":["Barrage","Steam"],"picked":"Defragment+1","floor":18.0},{"not_picked":["Rebound","Beam Cell+1"],"picked":"Turbo","floor":20.0},{"not_picked":["Blizzard","Doom and Gloom"],"picked":"Capacitor","floor":23.0},{"not_picked":["Leap","Electrodynamics"],"picked":"Glacier","floor":25.0},{"not_picked":["Redo","Tempest+1","Ball Lightning"],"picked":"SKIP","floor":27.0},{"not_picked":["Rainbow","Glacier"],"picked":"Echo Form","floor":30.0},{"not_picked":["Rainbow","Meteor Strike"],"picked":"Creative AI","floor":33.0},{"not_picked":["Capacitor","Doom and Gloom"],"picked":"Self Repair","floor":35.0},{"not_picked":["Go for the Eyes","Rebound"],"picked":"Coolheaded","floor":38.0},{"not_picked":["Darkness","Stack"],"picked":"Biased Cognition","floor":42.0},{"not_picked":["Scrape","Reinforced Body"],"picked":"Recycle","floor":45.0},{"not_picked":["Trip","Mayhem"],"picked":"Panacea","floor":46.0},{"not_picked":["Chaos","Barrage"],"picked":"Consume","floor":47.0},{"not_picked":["Melter+1","Redo","Leap"],"picked":"SKIP","floor":48.0},{"not_picked":["Barrage","Go for the Eyes","White Noise"],"picked":"SKIP","floor":55.0}],"player_experience":967744,"relics_obtained":[{"floor":7.0,"key":"War Paint"},{"floor":9.0,"key":"Happy Flower"},{"floor":10.0,"key":"Vajra"},{"floor":23.0,"key":"Mummified Hand"},{"floor":25.0,"key":"Centennial Puzzle"},{"floor":26.0,"key":"Gremlin Horn"},{"floor":30.0,"key":"Dodecahedron"},{"floor":42.0,"key":"Ancient Tea Set"},{"floor":47.0,"key":"Shuriken"},{"floor":55.0,"key":"Art of War"}],"event_choices":[{"damage_healed":0.0,"max_hp_gain":0.0,"max_hp_loss":0.0,"gold_gain":0.0,"event_name":"The Woman in Blue","player_choice":"Bought 3 Potions","floor":3.0,"gold_loss":0.0,"damage_taken":0.0},{"cards_removed":["Strike_B"],"damage_healed":0.0,"max_hp_gain":0.0,"max_hp_loss":0.0,"gold_gain":0.0,"event_name":"Purifier","player_choice":"Purged","floor":5.0,"gold_loss":0.0,"damage_taken":0.0},{"damage_healed":0.0,"max_hp_gain":0.0,"max_hp_loss":0.0,"gold_gain":0.0,"event_name":"Liars Game","player_choice":"Ignored","floor":14.0,"gold_loss":0.0,"damage_taken":0.0},{"damage_healed":0.0,"max_hp_gain":0.0,"max_hp_loss":0.0,"gold_gain":0.0,"event_name":"The Library","player_choice":"Read","floor":21.0,"gold_loss":0.0,"damage_taken":0.0,"cards_obtained":["Glacier"]},{"damage_healed":0.0,"max_hp_gain":0.0,"max_hp_loss":0.0,"gold_gain":0.0,"event_name":"Upgrade Shrine","player_choice":"Upgraded","floor":22.0,"gold_loss":0.0,"damage_taken":0.0,"cards_upgraded":["Static Discharge"]},{"damage_healed":0.0,"max_hp_gain":0.0,"max_hp_loss":0.0,"gold_gain":50.0,"event_name":"Nest","player_choice":"Stole From Cult","floor":31.0,"gold_loss":0.0,"damage_taken":0.0},{"damage_healed":0.0,"max_hp_gain":0.0,"max_hp_loss":4.0,"gold_gain":0.0,"event_name":"Winding Halls","player_choice":"Max HP","floor":36.0,"gold_loss":0.0,"damage_taken":0.0},{"damage_healed":0.0,"max_hp_gain":0.0,"max_hp_loss":0.0,"gold_gain":999.0,"event_name":"MindBloom","player_choice":"Gold","floor":37.0,"gold_loss":0.0,"damage_taken":0.0,"cards_obtained":["Normality","Normality"]},{"cards_removed":["Hologram"],"damage_healed":0.0,"max_hp_gain":0.0,"max_hp_loss":0.0,"gold_gain":0.0,"event_name":"Falling","player_choice":"Removed Skill","floor":41.0,"gold_loss":0.0,"damage_taken":0.0},{"damage_healed":0.0,"max_hp_gain":0.0,"max_hp_loss":0.0,"gold_gain":0.0,"event_name":"SensoryStone","player_choice":"Memory 1","floor":46.0,"gold_loss":0.0,"damage_taken":0.0}],"is_beta":false,"boss_relics":[{"not_picked":["Runic Pyramid","Empty Cage"],"picked":"Inserter"},{"not_picked":["Tiny House","Sozu"],"picked":"Snecko Eye"}],"items_purged_floors":[19,39,54],"is_endless":false,"potions_floor_spawned":[4,7,16,18,23,27,35,42,45],"ascension_level":20}