{"gold_per_floor":[117,117,117,127,202,229,67,67,67,95,113,13,288,319,319,392,392,409,49,66,79,94,125,125,150,450,450,465,465,500,550,550,624,624,636,655,655,682,727,752,752,752,752,771,786,786,813,813,813,813,813,813,813,224,252,252],"floor_reached":57,"playtime":1948,"items_purged":["Decay","Strike_R","Strike_R"],"score":3543,"play_id":"17f2b8b5-7c02-4f97-8da8-7cdd3b508073","local_time":"20190728141504","is_ascension_mode":true,"campfire_choices":[{"data":"Corruption","floor":8,"key":"SMITH"},{"data":"Seeing Red","floor":15,"key":"SMITH"},{"data":"Armaments","floor":24,"key":"SMITH"},{"data":"Fiend Fire","floor":27,"key":"SMITH"},{"data":"Shockwave","floor":32,"key":"SMITH"},{"data":"Regret","floor":42,"key":"PURGE"},{"data":"Strike_R","floor":46,"key":"PURGE"},{"floor":49,"key":"RECALL"},{"data":"Strike_R","floor":53,"key":"PURGE"}],"neow_cost":"NONE","seed_source_timestamp":771811911127700,"circlet_count":0,"master_deck":["AscendersBane","Defend_R","Defend_R","Defend_R","Defend_R","Bash","Corruption+1","Spot Weakness","Seeing Red+1","Warcry","Fiend Fire+1","Shockwave+1","Armaments+1","Shrug It Off+1","Flame Barrier","Ghostly","Ghostly","Ghostly","Barricade","Offering","Burning Pact","Madness","Madness","Shrug It Off","True Grit+1"],"relics":["Burning Blood","NeowsBlessing","Dead Branch","Gremlin Horn","PreservedInsect","Art of War","Snecko Eye","Gambling Chip","Unceasing Top","Ornamental Fan","Old Coin","Pear","Black Star","Peace Pipe","Pen Nib","Orichalcum","Mummified Hand","Bag of Preparation","Pocketwatch","Bottled Tornado","Boot","Dodecahedron","Bottled Lightning"],"potions_floor_usage":[10,16,16,25,56,56],"damage_taken":[{"damage":0,"enemies":"Jaw Worm","floor":1,"turns":1},{"damage":0,"enemies":"Cultist","floor":4,"turns":1},{"damage":0,"enemies":"3 Sentries","floor":6,"turns":2},{"damage":43,"enemies":"Gremlin Nob","floor":10,"turns":4},{"damage":7,"enemies":"Small Slimes","floor":11,"turns":3},{"damage":5,"enemies":"3 Sentries","floor":14,"turns":3},{"damage":26,"enemies":"The Guardian","floor":16,"turns":6},{"damage":2,"enemies":"3 Byrds","floor":18,"turns":3},{"damage":6,"enemies":"Spheric Guardian","floor":20,"turns":3},{"damage":0,"enemies":"Snake Plant","floor":21,"turns":2},{"damage":0,"enemies":"Chosen and Byrds","floor":22,"turns":2},{"damage":9,"enemies":"Book of Stabbing","floor":23,"turns":2},{"damage":0,"enemies":"Gremlin Leader","floor":25,"turns":1},{"damage":11,"enemies":"Centurion and Healer","floor":28,"turns":3},{"damage":1,"enemies":"Book of Stabbing","floor":30,"turns":2},{"damage":1,"enemies":"Champ","floor":33,"turns":2},{"damage":1,"enemies":"Orb Walker","floor":35,"turns":2},{"damage":2,"enemies":"3 Shapes","floor":36,"turns":2},{"damage":3,"enemies":"2 Orb Walkers","floor":39,"turns":3},{"damage":1,"enemies":"Giant Head","floor":40,"turns":2},{"damage":3,"enemies":"Sphere and 2 Shapes","floor":44,"turns":2},{"damage":2,"enemies":"3 Darklings","floor":45,"turns":2},{"damage":6,"enemies":"Nemesis","floor":47,"turns":3},{"damage":2,"enemies":"Awakened One","floor":50,"turns":2},{"damage":5,"enemies":"Donu and Deca","floor":51,"turns":2},{"damage":0,"enemies":"Shield and Spear","floor":55,"turns":1},{"damage":0,"enemies":"The Heart","floor":56,"turns":5}],"seed_played":"-1339336696620948927","potions_obtained":[{"floor":4,"key":"Weak Potion"},{"floor":11,"key":"EssenceOfSteel"},{"floor":14,"key":"Swift Potion"},{"floor":16,"key":"AttackPotion"},{"floor":18,"key":"SteroidPotion"},{"floor":25,"key":"Weak Potion"},{"floor":30,"key":"Dexterity Potion"},{"floor":39,"key":"PowerPotion"}],"is_trial":false,"path_per_floor":["M","?","?","M","?","E","$","R","T","E","M","$","?","E","R","B",null,"M","$","M","M","M","E","R","E","T","R","M","?","E","?","R","B",null,"M","M","?","T","?","E","?","R","T","M","M","R","E","?","R","B","B",null,"R","$","E","B",null],"character_chosen":"IRONCLAD","items_purchased":["Seeing Red","Gambling Chip","Shockwave","Bottled Tornado","Shrug It Off","Boot"],"campfire_rested":0,"item_purchase_floors":[7,19,19,54,54,54],"current_hp_per_floor":[74,79,79,80,69,75,75,75,75,38,37,37,37,38,38,18,65,69,69,69,75,80,77,77,80,80,80,75,40,50,50,50,50,50,50,50,50,50,50,50,41,41,41,44,48,48,48,48,48,50,50,50,50,50,50,50],"gold":252,"neow_bonus":"THREE_ENEMY_KILL","is_prod":false,"is_daily":false,"chose_seed":false,"campfire_upgraded":5,"win_rate":0,"timestamp":1564290904,"path_taken":["M","?","?","?","?","E","$","R","T","E","M","$","?","E","R","BOSS","M","$","M","?","M","E","R","E","T","R","M","?","E","?","R","BOSS","M","M","?","?","?","E","?","R","T","?","M","R","E","?","R","BOSS","BOSS","R","$","E","BOSS"],"build_version":"2019-07-17","purchased_purges":3,"victory":true,"max_hp_per_floor":[75,80,80,80,80,80,80,80,80,80,80,80,80,80,80,80,80,80,80,80,80,80,80,80,80,80,80,80,40,50,50,50,50,50,50,50,50,50,50,50,50,50,50,50,50,50,50,50,50,50,50,50,50,50,50,50],"card_choices":[{"not_picked":["Iron Wave","Armaments","Flex"],"picked":"SKIP","floor":1},{"not_picked":["Iron Wave","Searing Blow"],"picked":"Corruption","floor":4},{"not_picked":["Metallicize","Anger"],"picked":"Spot Weakness","floor":6},{"not_picked":["Dark Embrace","Thunderclap","Sever Soul"],"picked":"SKIP","floor":10},{"not_picked":["Rage","Infernal Blade"],"picked":"Warcry","floor":11},{"not_picked":["Wild Strike","Sword Boomerang","Perfected Strike"],"picked":"SKIP","floor":14},{"not_picked":["Limit Break","Dark Embrace"],"picked":"Fiend Fire","floor":16},{"not_picked":["Twin Strike","Sword Boomerang+1","Wild Strike"],"picked":"SKIP","floor":18},{"not_picked":["Perfected Strike","Body Slam","Rupture"],"picked":"SKIP","floor":20},{"not_picked":["Rage","Clash"],"picked":"Armaments","floor":21},{"not_picked":["Pummel","True Grit","Searing Blow"],"picked":"SKIP","floor":22},{"not_picked":["Iron Wave","Rage"],"picked":"Shrug It Off+1","floor":23},{"not_picked":["Sever Soul","Warcry","Flex"],"picked":"SKIP","floor":25},{"not_picked":["Flex","Iron Wave"],"picked":"Flame Barrier","floor":28},{"not_picked":["Sentinel","Battle Trance+1"],"picked":"Barricade","floor":30},{"not_picked":["Impervious","Berserk"],"picked":"Offering","floor":33},{"not_picked":["Flex","Ghostly Armor","Clash+1"],"picked":"SKIP","floor":35},{"not_picked":["Warcry","Headbutt","Iron Wave"],"picked":"SKIP","floor":36},{"not_picked":["True Grit","Immolate"],"picked":"Burning Pact","floor":40},{"not_picked":["Iron Wave","Perfected Strike","Thunderclap"],"picked":"SKIP","floor":44},{"not_picked":["Uppercut","Heavy Blade+1","Inflame+1"],"picked":"SKIP","floor":45},{"not_picked":["Searing Blow","Wild Strike","Iron Wave+1"],"picked":"SKIP","floor":47},{"not_picked":["Searing Blow","Wild Strike","Iron Wave+1"],"picked":"SKIP","floor":47},{"not_picked":["Immolate","Twin Strike"],"picked":"True Grit+1","floor":55}],"player_experience":1254843,"relics_obtained":[{"floor":6,"key":"Dead Branch"},{"floor":9,"key":"Gremlin Horn"},{"floor":10,"key":"PreservedInsect"},{"floor":14,"key":"Art of War"},{"floor":23,"key":"Unceasing Top"},{"floor":25,"key":"Ornamental Fan"},{"floor":26,"key":"Old Coin"},{"floor":30,"key":"Pear"},{"floor":39,"key":"Peace Pipe"},{"floor":40,"key":"Pen Nib"},{"floor":40,"key":"Orichalcum"},{"floor":43,"key":"Mummified Hand"},{"floor":47,"key":"Bag of Preparation"},{"floor":47,"key":"Pocketwatch"},{"floor":55,"key":"Dodecahedron"},{"floor":55,"key":"Bottled Lightning"}],"event_choices":[{"damage_healed":0,"gold_gain":0,"player_choice":"Donut","damage_taken":0,"max_hp_gain":5,"max_hp_loss":0,"event_name":"Big Fish","floor":2,"gold_loss":0},{"damage_healed":0,"gold_gain":0,"player_choice":"Cursed","damage_taken":0,"max_hp_gain":0,"max_hp_loss":0,"event_name":"Wheel of Change","floor":3,"gold_loss":0,"cards_obtained":["Decay"]},{"damage_healed":0,"gold_gain":75,"player_choice":"Gather Gold","damage_taken":11,"max_hp_gain":0,"max_hp_loss":0,"event_name":"World of Goop","floor":5,"gold_loss":0},{"damage_healed":0,"gold_gain":275,"player_choice":"Desecrate","damage_taken":0,"max_hp_gain":0,"max_hp_loss":0,"event_name":"Golden Shrine","floor":13,"gold_loss":0,"cards_obtained":["Regret"]},{"damage_healed":0,"gold_gain":0,"player_choice":"Became a Ghost","damage_taken":0,"max_hp_gain":0,"max_hp_loss":40,"event_name":"Ghosts","floor":29,"gold_loss":0,"cards_obtained":["Ghostly","Ghostly","Ghostly"]},{"damage_healed":0,"gold_gain":50,"player_choice":"Stole From Cult","damage_taken":0,"max_hp_gain":0,"max_hp_loss":0,"event_name":"Nest","floor":31,"gold_loss":0},{"damage_healed":0,"gold_gain":0,"player_choice":"Ignored","damage_taken":0,"max_hp_gain":0,"max_hp_loss":0,"event_name":"Tomb of Lord Red Mask","floor":37,"gold_loss":0},{"damage_healed":0,"gold_gain":0,"player_choice":"Fight","damage_taken":0,"max_hp_gain":0,"max_hp_loss":0,"event_name":"Mysterious Sphere","floor":39,"gold_loss":0},{"damage_healed":0,"gold_gain":0,"player_choice":"Embrace Madness","damage_taken":9,"max_hp_gain":0,"max_hp_loss":0,"event_name":"Winding Halls","floor":41,"gold_loss":0,"cards_obtained":["Madness","Madness"]},{"cards_removed":["Strike_R"],"damage_healed":0,"gold_gain":0,"player_choice":"Removed Attack","damage_taken":0,"max_hp_gain":0,"max_hp_loss":0,"event_name":"Falling","floor":48,"gold_loss":0}],"is_beta":false,"boss_relics":[{"not_picked":["Empty Cage","Tiny House"],"picked":"Snecko Eye"},{"not_picked":["Astrolabe","Mark of Pain"],"picked":"Black Star"}],"items_purged_floors":[7,12,54],"is_endless":false,"potions_floor_spawned":[4,11,14,16,18,21,23,25,30,33,39,44,45],"ascension_level":20}