{"gold_per_floor":[113,113,129,159,119,159,159,183,238,238,238],"floor_reached":11,"playtime":234,"items_purged":[],"score":142,"play_id":"06fa594e-dc69-4280-8f89-c9fa1e7bf097","local_time":"20190630144217","is_ascension_mode":true,"campfire_choices":[{"floor":7,"key":"REST"},{"data":"Defragment","floor":10,"key":"SMITH"}],"neow_cost":"NONE","seed_source_timestamp":109075387688800,"circlet_count":0,"master_deck":["AscendersBane","Strike_B","Strike_B","Strike_B","Strike_B","Defend_B","Defend_B","Defend_B","Defend_B","Zap","Dualcast","Defragment+1","Melter"],"relics":["Cracked Core","Oddly Smooth Stone","Golden Idol","Tiny Chest","Letter Opener","Bag of Marbles"],"potions_floor_usage":[6,6],"damage_taken":[{"damage":6,"enemies":"Jaw Worm","floor":1,"turns":2},{"damage":4,"enemies":"Small Slimes","floor":3,"turns":4},{"damage":20,"enemies":"3 Sentries","floor":6,"turns":7},{"damage":0,"enemies":"Cultist","floor":8,"turns":3},{"damage":20,"enemies":"Lagavulin","floor":11,"turns":5}],"seed_played":"-3088819267382935264","potions_obtained":[{"floor":3,"key":"SkillPotion"},{"floor":5,"key":"Energy Potion"},{"floor":5,"key":"AttackPotion"}],"is_trial":false,"path_per_floor":["M","?","M","?","?","E","R","M","T","R","E"],"character_chosen":"DEFECT","items_purchased":[],"campfire_rested":1,"item_purchase_floors":[],"current_hp_per_floor":[58,58,54,28,28,8,27,27,27,27,7],"gold":238,"neow_bonus":"RANDOM_COMMON_RELIC","is_prod":false,"is_daily":false,"chose_seed":false,"campfire_upgraded":1,"win_rate":0,"timestamp":1561873337,"path_taken":["M","?","M","?","?","E","R","M","T","R","E"],"build_version":"2019-01-23","purchased_purges":0,"victory":false,"max_hp_per_floor":[71,64,64,64,64,64,64,64,64,64,64],"card_choices":[{"not_picked":["Leap","Stack","Hologram"],"picked":"SKIP","floor":1},{"not_picked":["Compile Driver","Turbo","Melter"],"picked":"SKIP","floor":3},{"not_picked":["Gash","Streamline"],"picked":"Defragment","floor":6},{"not_picked":["Stack","Sweeping Beam"],"picked":"Melter","floor":8}],"player_experience":874545,"relics_obtained":[{"floor":6,"key":"Letter Opener"},{"floor":9,"key":"Bag of Marbles"}],"event_choices":[{"damage_healed":0,"gold_gain":0,"player_choice":"Lose Max HP","damage_taken":0,"relics_obtained":["Golden Idol"],"max_hp_gain":0,"max_hp_loss":7,"event_name":"Golden Idol","floor":2,"gold_loss":0},{"damage_healed":0,"gold_gain":0,"player_choice":"Success","damage_taken":26,"relics_obtained":["Tiny Chest"],"max_hp_gain":0,"max_hp_loss":0,"event_name":"Scrap Ooze","floor":4,"gold_loss":0},{"damage_healed":0,"gold_gain":0,"player_choice":"Bought 3 Potions","damage_taken":0,"max_hp_gain":0,"max_hp_loss":0,"event_name":"The Woman in Blue","floor":5,"gold_loss":0}],"is_beta":false,"boss_relics":[],"items_purged_floors":[],"is_endless":false,"potions_floor_spawned":[3],"killed_by":"Lagavulin","ascension_level":20}