{"gold_per_floor":[118,5,5,18,29,29,48,48,74,74,74,74,90,90,90,215,215,234,234,247,265,265,265,309,309,389,403,403,424,523,32,32,32],"floor_reached":33,"playtime":806,"items_purged":["Defend_B","Strike_B"],"score":305,"play_id":"4b5959b0-cacc-4b7c-a16f-a177a8d31f9f","local_time":"20190729003134","is_ascension_mode":false,"campfire_choices":[{"data":"Defragment","floor":6,"key":"SMITH"},{"data":"Dualcast","floor":10,"key":"SMITH"},{"data":"Reinforced Body","floor":15,"key":"SMITH"},{"data":"Fusion","floor":23,"key":"SMITH"},{"data":"Self Repair","floor":25,"key":"SMITH"},{"data":"Electrodynamics","floor":28,"key":"SMITH"},{"floor":32,"key":"REST"}],"neow_cost":"TEN_PERCENT_HP_LOSS","seed_source_timestamp":4691159223773,"circlet_count":0,"master_deck":["Strike_B","Strike_B","Defend_B","Defend_B","Zap+1","Dualcast+1","Auto Shields","Defragment+1","Reinforced Body+1","Ball Lightning","Self Repair+1","Skim","Electrodynamics+1","Cold Snap+1","Defragment+1","Fusion+1","Glacier","Conserve Battery+1"],"relics":["Cracked Core","Vajra","PreservedInsect","Golden Idol","Cables","Philosopher\u0027s Stone","Bag of Preparation","Ornamental Fan","Peace Pipe"],"potions_floor_usage":[13,21,24,31],"damage_taken":[{"damage":6,"enemies":"Jaw Worm","floor":1,"turns":2},{"damage":0,"enemies":"Cultist","floor":4,"turns":3},{"damage":9,"enemies":"2 Louse","floor":5,"turns":2},{"damage":5,"enemies":"Looter","floor":7,"turns":2},{"damage":0,"enemies":"Gremlin Gang","floor":13,"turns":3},{"damage":0,"enemies":"Hexaghost","floor":16,"turns":9},{"damage":1,"enemies":"3 Byrds","floor":18,"turns":2},{"damage":0,"enemies":"Chosen","floor":20,"turns":3},{"damage":14,"enemies":"Shelled Parasite and Fungi","floor":21,"turns":4},{"damage":30,"enemies":"Slavers","floor":24,"turns":4},{"damage":1,"enemies":"Chosen and Byrds","floor":27,"turns":5},{"damage":13,"enemies":"Snake Plant","floor":29,"turns":2},{"damage":70,"enemies":"Champ","floor":33,"turns":16}],"seed_played":"5161981197492357513","potions_obtained":[{"floor":1,"key":"Explosive Potion"},{"floor":13,"key":"Fire Potion"},{"floor":20,"key":"Block Potion"},{"floor":27,"key":"Fire Potion"}],"is_trial":false,"path_per_floor":["M","$","?","M","M","R","M","T","T","R","?","$","M","?","R","B",null,"M","?","M","M","?","R","E","R","T","M","R","M","?","$","R","B"],"character_chosen":"DEFECT","items_purchased":["Defragment","Fruit Juice","Peace Pipe"],"campfire_rested":1,"item_purchase_floors":[2,31,31],"current_hp_per_floor":[62,62,62,62,53,53,48,48,48,48,48,48,55,30,30,37,63,62,62,63,56,56,56,33,33,33,32,32,19,19,24,44,0],"gold":32,"neow_bonus":"REMOVE_TWO","is_prod":false,"is_daily":false,"chose_seed":false,"campfire_upgraded":6,"win_rate":0,"timestamp":1564381894,"path_taken":["M","$","?","?","M","R","M","?","T","R","?","$","M","?","R","BOSS","M","?","?","M","?","R","E","R","T","M","R","M","?","$","R","BOSS"],"build_version":"2019-07-17","purchased_purges":2,"victory":false,"max_hp_per_floor":[68,68,68,68,68,68,68,68,68,68,63,63,63,63,63,63,63,63,63,63,63,63,63,63,63,63,63,63,63,63,68,68,68],"card_choices":[{"not_picked":["Hello World","Stack","Auto Shields"],"picked":"SKIP","floor":1},{"not_picked":["Hello World","Stack"],"picked":"Auto Shields","floor":1},{"not_picked":["Storm","Hologram"],"picked":"Reinforced Body","floor":4},{"not_picked":["Gash","Coolheaded"],"picked":"Ball Lightning","floor":5},{"not_picked":["Turbo","Streamline"],"picked":"Self Repair","floor":7},{"not_picked":["Reprogram","Streamline"],"picked":"Skim","floor":13},{"not_picked":["Meteor Strike","Machine Learning"],"picked":"Electrodynamics","floor":16},{"not_picked":["Heatsinks","Loop"],"picked":"Cold Snap+1","floor":18},{"not_picked":["Gash","Hologram"],"picked":"Fusion","floor":20},{"not_picked":["Barrage","Gash"],"picked":"Glacier","floor":21},{"not_picked":["Steam","Rip and Tear"],"picked":"Conserve Battery+1","floor":24},{"not_picked":["Leap","All For One","Static Discharge+1"],"picked":"SKIP","floor":27},{"not_picked":["Go for the Eyes","Leap","Sweeping Beam+1"],"picked":"SKIP","floor":29}],"player_experience":1585484,"relics_obtained":[{"floor":8,"key":"Vajra"},{"floor":9,"key":"PreservedInsect"},{"floor":24,"key":"Bag of Preparation"},{"floor":26,"key":"Ornamental Fan"}],"event_choices":[{"damage_healed":0,"gold_gain":0,"player_choice":"Upgraded","damage_taken":0,"max_hp_gain":0,"max_hp_loss":0,"event_name":"Upgrade Shrine","floor":3,"gold_loss":0,"cards_upgraded":["Zap"]},{"damage_healed":0,"gold_gain":0,"player_choice":"Lose Max HP","damage_taken":0,"relics_obtained":["Golden Idol"],"max_hp_gain":0,"max_hp_loss":5,"event_name":"Golden Idol","floor":11,"gold_loss":0},{"damage_healed":0,"gold_gain":0,"player_choice":"Success","damage_taken":25,"relics_obtained":["Cables"],"max_hp_gain":0,"max_hp_loss":0,"event_name":"Scrap Ooze","floor":14,"gold_loss":0},{"damage_healed":0,"gold_gain":0,"player_choice":"Copied","damage_taken":0,"max_hp_gain":0,"max_hp_loss":0,"event_name":"Duplicator","floor":19,"gold_loss":0,"cards_obtained":["Defragment"]},{"damage_healed":0,"gold_gain":0,"player_choice":"Ignored","damage_taken":0,"max_hp_gain":0,"max_hp_loss":0,"event_name":"Ghosts","floor":22,"gold_loss":0},{"damage_healed":0,"gold_gain":99,"player_choice":"Stole From Cult","damage_taken":0,"max_hp_gain":0,"max_hp_loss":0,"event_name":"Nest","floor":30,"gold_loss":0}],"is_beta":false,"boss_relics":[{"not_picked":["Coffee Dripper","Runic Dome"],"picked":"Philosopher\u0027s Stone"}],"items_purged_floors":[2,31],"is_endless":false,"potions_floor_spawned":[1,13,20,27],"killed_by":"Champ","ascension_level":0}