{"gold_per_floor":[116,127,147,14,32,32,65,65,65,96,96,126,126,139,139,235,235,255,1,18,117,117,117,137,25,25,56,71,0,0,0],"floor_reached":31,"playtime":1337,"items_purged":[],"score":432,"play_id":"94e0923e-129a-4c8f-b24a-32035cee9e44","local_time":"20190623183847","is_ascension_mode":true,"campfire_choices":[{"data":"Noxious Fumes","floor":6.0,"key":"SMITH"},{"floor":8.0,"key":"REST"},{"data":"Crippling Poison","floor":15,"key":"SMITH"},{"floor":23,"key":"REST"}],"neow_cost":"NONE","seed_source_timestamp":862692451512314,"circlet_count":0,"master_deck":["AscendersBane","Defend_G","Defend_G","Defend_G","Defend_G","Defend_G","Strike_G","Strike_G","Strike_G","Strike_G","Strike_G","Survivor","Neutralize","Poisoned Stab","Backstab","Poisoned Stab","Noxious Fumes+1","Tools of the Trade","Deadly Poison","Crippling Poison+1","Malaise+1","Quick Slash+1","Infinite Blades+1","Well Laid Plans+1","Deadly Poison","Catalyst"],"special_seed":0,"relics":["Ring of the Snake","NeowsBlessing","Art of War","Bag of Marbles","Frozen Egg 2","Sundial","Eternal Feather","Mummified Hand","Blue Candle","Regal Pillow","Bottled Flame"],"potions_floor_usage":[10,16,27,27,31,31],"damage_taken":[{"damage":0.0,"enemies":"Cultist","floor":1.0,"turns":1.0},{"damage":0.0,"enemies":"2 Louse","floor":2.0,"turns":1.0},{"damage":0.0,"enemies":"Small Slimes","floor":3.0,"turns":1.0},{"damage":5.0,"enemies":"3 Louse","floor":5.0,"turns":4.0},{"damage":16.0,"enemies":"Gremlin Nob","floor":7.0,"turns":3.0},{"damage":24,"enemies":"3 Sentries","floor":10,"turns":6},{"damage":0,"enemies":"2 Fungi Beasts","floor":14,"turns":3},{"damage":4,"enemies":"Slime Boss","floor":16,"turns":7},{"damage":13,"enemies":"Spheric Guardian","floor":18,"turns":4},{"damage":10,"enemies":"Chosen","floor":20,"turns":6},{"damage":14,"enemies":"3 Cultists","floor":24,"turns":5},{"damage":0,"enemies":"Gremlin Leader","floor":27,"turns":6},{"damage":24,"enemies":"Centurion and Healer","floor":28,"turns":5},{"damage":34,"enemies":"Slavers","floor":31,"turns":2}],"seed_played":"-7043568701103006726","potions_obtained":[{"floor":2.0,"key":"AttackPotion"},{"floor":3.0,"key":"AttackPotion"},{"floor":7.0,"key":"Regen Potion"},{"floor":16,"key":"AttackPotion"},{"floor":20,"key":"Explosive Potion"},{"floor":28,"key":"Explosive Potion"}],"is_trial":false,"path_per_floor":["M","M","M","$","M","R","E","R","T","E","?","?","?","M","R","B",null,"M","$","M","?","?","R","M","$","T","E","M","$","T","E"],"character_chosen":"THE_SILENT","items_purchased":["Noxious Fumes","PowerPotion","Mummified Hand","Well Laid Plans+1","GhostInAJar","Catalyst"],"campfire_rested":2,"item_purchase_floors":[4,4,19,25,25,29],"current_hp_per_floor":[63,63,63,63,58,58,42,63,63,53,70,70,67,67,67,63,66,53,53,43,43,43,67,53,53,53,53,29,29,29,0],"gold":0,"neow_bonus":"THREE_ENEMY_KILL","is_prod":false,"is_daily":false,"chose_seed":false,"campfire_upgraded":2,"win_rate":0,"timestamp":1561304327,"path_taken":["M","?","M","$","M","R","E","R","T","E","?","?","?","M","R","BOSS","M","$","M","?","?","R","M","$","T","E","?","?","?","E"],"build_version":"2019-01-23","purchased_purges":0,"victory":false,"max_hp_per_floor":[70,70,70,70,70,70,70,70,70,70,70,70,67,67,67,67,67,67,67,67,67,67,67,67,67,67,67,67,67,67,67],"card_choices":[{"not_picked":["Dodge and Roll","Flying Knee"],"picked":"Poisoned Stab","floor":1.0},{"not_picked":["Blur","Dagger Throw"],"picked":"Backstab","floor":2.0},{"not_picked":["Flying Knee","Leg Sweep"],"picked":"Poisoned Stab","floor":3.0},{"not_picked":["Flechettes","Flying Knee"],"picked":"Tools of the Trade","floor":5.0},{"not_picked":["Backflip","Accuracy"],"picked":"Deadly Poison","floor":7.0},{"not_picked":["Flying Knee","Backflip","Accuracy"],"picked":"SKIP","floor":10},{"not_picked":["Finisher","Setup"],"picked":"Crippling Poison","floor":14},{"not_picked":["Bullet Time","Doppelganger"],"picked":"Malaise","floor":16},{"not_picked":["Quick Slash","Deflect","Flying Knee"],"picked":"SKIP","floor":18},{"not_picked":["Flechettes","Acrobatics"],"picked":"Quick Slash+1","floor":20},{"not_picked":["Quick Slash","Prepared+1"],"picked":"Infinite Blades+1","floor":24},{"not_picked":["Well Laid Plans+1","Dagger Throw+1"],"picked":"Deadly Poison","floor":27},{"not_picked":["Heel Hook","Outmaneuver+1","Dagger Throw"],"picked":"SKIP","floor":28}],"player_experience":1568359,"relics_obtained":[{"floor":7.0,"key":"Art of War"},{"floor":9.0,"key":"Bag of Marbles"},{"floor":10,"key":"Frozen Egg 2"},{"floor":26,"key":"Blue Candle"},{"floor":27,"key":"Regal Pillow"},{"floor":30,"key":"Bottled Flame"}],"event_choices":[{"damage_healed":17,"gold_gain":0,"player_choice":"Healed and dodged fight","damage_taken":0,"max_hp_gain":0,"max_hp_loss":0,"event_name":"Mushrooms","floor":11,"gold_loss":0,"cards_obtained":["Parasite"]},{"damage_healed":0,"gold_gain":30,"player_choice":"Searched \u00273\u0027 times","damage_taken":0,"relics_obtained":["Sundial"],"max_hp_gain":0,"max_hp_loss":0,"event_name":"Dead Adventurer","floor":12,"gold_loss":0},{"cards_removed":["Parasite"],"damage_healed":0,"gold_gain":0,"player_choice":"Forget","damage_taken":0,"max_hp_gain":0,"max_hp_loss":0,"event_name":"Living Wall","floor":13,"gold_loss":0},{"damage_healed":0,"gold_gain":99,"player_choice":"Stole From Cult","damage_taken":0,"max_hp_gain":0,"max_hp_loss":0,"event_name":"Nest","floor":21,"gold_loss":0},{"damage_healed":0,"gold_gain":0,"player_choice":"Upgraded","damage_taken":0,"max_hp_gain":0,"max_hp_loss":0,"event_name":"Upgrade Shrine","floor":22,"gold_loss":0,"cards_upgraded":["Malaise"]}],"is_beta":false,"boss_relics":[{"not_picked":["WristBlade","Coffee Dripper"],"picked":"Eternal Feather"}],"items_purged_floors":[],"is_endless":false,"potions_floor_spawned":[2,3,7,16,20,28],"killed_by":"Slavers","ascension_level":10}