{"gold_per_floor":[118,136,136,28,28,28,53,53,135,174,11,35,35,35,35,124,124,149,149,0,20,35,35,60,103,103,103,63,81,95,113,113,113],"floor_reached":33,"playtime":1764,"items_purged":["Writhe"],"score":531,"play_id":"c07a0c5d-8902-45e1-982a-dd7898fe9bca","local_time":"20190724121200","is_ascension_mode":true,"campfire_choices":[{"floor":6.0,"key":"REST"},{"floor":8.0,"key":"REST"},{"floor":15.0,"key":"REST"},{"floor":23.0,"key":"REST"},{"floor":27.0,"key":"REST"},{"floor":32.0,"key":"REST"}],"neow_cost":"CURSE","seed_source_timestamp":408816619456819,"circlet_count":0,"master_deck":["AscendersBane","Strike_G","Strike_G","Strike_G","Strike_G","Strike_G","Defend_G","Defend_G","Defend_G","Defend_G","Defend_G","Survivor","Neutralize","Heel Hook","Eviscerate","All Out Attack","Acrobatics","Escape Plan","All Out Attack","Apotheosis","Tactician","Die Die Die","Tactician","Dagger Throw","Underhanded Strike","Dagger Throw","Backstab","Concentrate","Eviscerate","Quick Slash","Escape Plan","Quick Slash","Prepared","Reflex","Backstab","Acrobatics"],"special_seed":0,"relics":["Ring of the Snake","Gambling Chip","Golden Idol","The Courier","Strawberry","Orrery","Pear","Centennial Puzzle","Mercury Hourglass"],"potions_floor_usage":[],"damage_taken":[{"damage":4.0,"enemies":"Cultist","floor":1.0,"turns":5.0},{"damage":0.0,"enemies":"2 Louse","floor":2.0,"turns":3.0},{"damage":0.0,"enemies":"Small Slimes","floor":7.0,"turns":1.0},{"damage":52.0,"enemies":"Lagavulin","floor":10.0,"turns":10.0},{"damage":0.0,"enemies":"2 Fungi Beasts","floor":12.0,"turns":2.0},{"damage":14.0,"enemies":"The Guardian","floor":16.0,"turns":11.0},{"damage":0.0,"enemies":"Spheric Guardian","floor":18.0,"turns":3.0},{"damage":7.0,"enemies":"3 Byrds","floor":21.0,"turns":5.0},{"damage":0.0,"enemies":"Sentry and Sphere","floor":22.0,"turns":3.0},{"damage":14.0,"enemies":"Cultist and Chosen","floor":24.0,"turns":5.0},{"damage":47.0,"enemies":"Book of Stabbing","floor":25.0,"turns":6.0},{"damage":0.0,"enemies":"3 Cultists","floor":29.0,"turns":3.0},{"damage":10.0,"enemies":"Snecko","floor":30.0,"turns":4.0},{"damage":3.0,"enemies":"Cultist and Chosen","floor":31.0,"turns":4.0},{"damage":90,"enemies":"Collector","floor":33,"turns":7}],"seed_played":"-7309591814558603213","potions_obtained":[{"floor":10.0,"key":"Block Potion"},{"floor":12.0,"key":"FearPotion"},{"floor":16.0,"key":"Block Potion"},{"floor":21.0,"key":"SpeedPotion"},{"floor":24.0,"key":"PowerPotion"},{"floor":28.0,"key":"Fruit Juice"},{"floor":28.0,"key":"Block Potion"},{"floor":28.0,"key":"SpeedPotion"},{"floor":29.0,"key":"Regen Potion"}],"is_trial":false,"path_per_floor":["M","M","?","$","?","R","M","R","T","E","$","M","?","?","R","B",null,"M","?","$","M","M","R","M","E","T","R","?","M","M","M","R","B"],"character_chosen":"THE_SILENT","items_purchased":["All Out Attack","Acrobatics","Apotheosis","Eviscerate","Quick Slash"],"campfire_rested":6,"item_purchase_floors":[4,4,11,20,20],"current_hp_per_floor":[55,55,55,55,32,51,51,66,66,21,21,21,45,45,66,52,68,68,78,78,71,71,83,69,22,22,46,51,51,53,50,76,0],"gold":113,"neow_bonus":"ONE_RARE_RELIC","is_prod":false,"is_daily":false,"chose_seed":false,"campfire_upgraded":0,"win_rate":0,"timestamp":1563959520,"path_taken":["M","?","?","?","?","R","M","R","T","E","$","M","?","?","R","BOSS","M","?","$","M","M","R","M","E","T","R","?","M","M","?","R","BOSS"],"build_version":"2019-07-17","purchased_purges":1,"victory":false,"max_hp_per_floor":[66,66,66,66,66,66,66,66,66,73,73,73,73,73,73,73,73,73,83,83,83,83,83,83,83,83,83,88,88,88,88,88,88],"card_choices":[{"not_picked":["Dodge and Roll","Slice"],"picked":"Heel Hook","floor":1.0},{"not_picked":["Bane","Backflip"],"picked":"Eviscerate","floor":2.0},{"not_picked":["Dodge and Roll","Distraction"],"picked":"Escape Plan","floor":7.0},{"not_picked":["Die Die Die","Bane"],"picked":"All Out Attack","floor":10.0},{"not_picked":["Dash","PiercingWail"],"picked":"Tactician","floor":12.0},{"not_picked":["Glass Knife","Grand Finale"],"picked":"Die Die Die","floor":16.0},{"not_picked":["Backflip","Slice"],"picked":"Tactician","floor":17.0},{"not_picked":["Backflip","Catalyst"],"picked":"Dagger Throw","floor":17.0},{"not_picked":["Dagger Spray","Poisoned Stab"],"picked":"Underhanded Strike","floor":17.0},{"not_picked":["Masterful Stab","Burst"],"picked":"Dagger Throw","floor":17.0},{"not_picked":["Acrobatics","Dash"],"picked":"Backstab","floor":17.0},{"not_picked":["Blade Dance","Dagger Spray"],"picked":"Concentrate","floor":18.0},{"not_picked":["Dagger Spray","Slice"],"picked":"Escape Plan","floor":21.0},{"not_picked":["Accuracy+1","Bane+1"],"picked":"Quick Slash","floor":22.0},{"not_picked":["Cloak And Dagger","Storm of Steel","Deadly Poison"],"picked":"SKIP","floor":24.0},{"not_picked":["Bullet Time","Footwork"],"picked":"Prepared","floor":25.0},{"not_picked":["Concentrate+1","Acrobatics"],"picked":"Reflex","floor":29.0},{"not_picked":["Dodge and Roll","Footwork"],"picked":"Backstab","floor":30.0},{"not_picked":["Dodge and Roll+1","Bane+1"],"picked":"Acrobatics","floor":31.0}],"player_experience":1641427,"relics_obtained":[{"floor":9.0,"key":"The Courier"},{"floor":10.0,"key":"Strawberry"},{"floor":25.0,"key":"Centennial Puzzle"},{"floor":26.0,"key":"Mercury Hourglass"}],"event_choices":[{"cards_removed":["Writhe"],"damage_healed":0.0,"max_hp_gain":0.0,"max_hp_loss":0.0,"gold_gain":0.0,"event_name":"Purifier","player_choice":"Purged","floor":3.0,"gold_loss":0.0,"damage_taken":0.0},{"damage_healed":0.0,"max_hp_gain":0.0,"max_hp_loss":0.0,"gold_gain":0.0,"event_name":"Golden Idol","player_choice":"Take Damage","floor":5.0,"gold_loss":0.0,"damage_taken":23.0,"relics_obtained":["Golden Idol"]},{"damage_healed":24.0,"max_hp_gain":0.0,"max_hp_loss":0.0,"gold_gain":0.0,"event_name":"Big Fish","player_choice":"Banana","floor":13.0,"gold_loss":0.0,"damage_taken":0.0},{"damage_healed":0.0,"max_hp_gain":0.0,"max_hp_loss":0.0,"gold_gain":0.0,"event_name":"Liars Game","player_choice":"Ignored","floor":14.0,"gold_loss":0.0,"damage_taken":0.0},{"damage_healed":0.0,"max_hp_gain":0.0,"max_hp_loss":0.0,"gold_gain":0.0,"event_name":"The Mausoleum","player_choice":"Opened","floor":19.0,"gold_loss":0.0,"damage_taken":0.0,"relics_obtained":["Pear"],"cards_obtained":["Writhe"]},{"damage_healed":0.0,"max_hp_gain":0.0,"max_hp_loss":0.0,"gold_gain":0.0,"event_name":"The Woman in Blue","player_choice":"Bought 3 Potions","floor":28.0,"gold_loss":0.0,"damage_taken":0.0}],"is_beta":false,"boss_relics":[{"not_picked":["Pandora\u0027s Box","Busted Crown"],"picked":"Orrery"}],"items_purged_floors":[20],"is_endless":false,"potions_floor_spawned":[10,12,16,21,24,29],"killed_by":"Collector","ascension_level":16}