{"gold_per_floor":[367,381,381,381,21,64,64,97,166,166,181,206,206,206],"floor_reached":14,"playtime":333,"items_purged":["Decay"],"score":196,"play_id":"75852d23-8696-40d6-94fe-4aabdef575b9","local_time":"20190725182111","is_ascension_mode":true,"campfire_choices":[{"data":"Defragment","floor":7,"key":"SMITH"},{"floor":10,"key":"REST"},{"data":"Darkness","floor":13,"key":"SMITH"}],"neow_cost":"CURSE","seed_source_timestamp":529003075542400,"circlet_count":0,"master_deck":["AscendersBane","Strike_B","Strike_B","Strike_B","Strike_B","Defend_B","Defend_B","Defend_B","Defend_B","Zap","Dualcast","Turbo","Darkness+1","Defragment+1","Lockon","Melter"],"relics":["Cracked Core","Golden Idol","Potion Belt","Ancient Tea Set","FossilizedHelix","Omamori"],"potions_floor_usage":[12,14],"damage_taken":[{"damage":1,"enemies":"2 Louse","floor":1,"turns":2},{"damage":0,"enemies":"Cultist","floor":2,"turns":3},{"damage":39,"enemies":"Gremlin Nob","floor":6,"turns":4},{"damage":20,"enemies":"3 Sentries","floor":8,"turns":5},{"damage":0,"enemies":"Jaw Worm","floor":11,"turns":3},{"damage":17,"enemies":"Lots of Slimes","floor":12,"turns":4},{"damage":11,"enemies":"Blue Slaver","floor":14,"turns":3}],"seed_played":"-6934721384026044236","potions_obtained":[{"floor":2,"key":"SkillPotion"},{"floor":6,"key":"SneckoOil"},{"floor":11,"key":"Swift Potion"}],"is_trial":false,"path_per_floor":["M","M","?","?","$","E","R","E","T","R","M","M","R","M"],"character_chosen":"DEFECT","items_purchased":["Defragment","Lockon","Ancient Tea Set"],"campfire_rested":1,"item_purchase_floors":[5,5,5],"current_hp_per_floor":[63,63,63,63,63,24,24,4,4,23,23,6,6,0],"gold":206,"neow_bonus":"TWO_FIFTY_GOLD","is_prod":false,"is_daily":false,"chose_seed":false,"campfire_upgraded":2,"win_rate":0,"timestamp":1564046471,"path_taken":["M","M","?","?","$","E","R","E","T","R","M","M","R","M"],"build_version":"2019-07-17","purchased_purges":1,"victory":false,"max_hp_per_floor":[71,71,64,64,64,64,64,64,64,64,64,64,64,64],"card_choices":[{"not_picked":["Steam Power","Auto Shields"],"picked":"Turbo","floor":1},{"not_picked":["Beam Cell","Ball Lightning"],"picked":"Darkness","floor":2},{"not_picked":["Hologram","Sweeping Beam","Conserve Battery"],"picked":"SKIP","floor":6},{"not_picked":["Steam Power","Beam Cell","Leap"],"picked":"SKIP","floor":8},{"not_picked":["Leap","BootSequence"],"picked":"Melter","floor":11},{"not_picked":["BootSequence","Scrape","Ball Lightning"],"picked":"SKIP","floor":12}],"player_experience":1208008,"relics_obtained":[{"floor":6,"key":"FossilizedHelix"},{"floor":8,"key":"Omamori"}],"event_choices":[{"damage_healed":0,"gold_gain":0,"player_choice":"Lose Max HP","damage_taken":0,"relics_obtained":["Golden Idol"],"max_hp_gain":0,"max_hp_loss":7,"event_name":"Golden Idol","floor":3,"gold_loss":0},{"damage_healed":0,"gold_gain":0,"player_choice":"Gave Potion","damage_taken":0,"relics_obtained":["Potion Belt"],"max_hp_gain":0,"max_hp_loss":0,"event_name":"WeMeetAgain","floor":4,"gold_loss":0}],"is_beta":false,"boss_relics":[],"items_purged_floors":[5],"is_endless":false,"potions_floor_spawned":[2,6,11],"killed_by":"Blue Slaver","ascension_level":20}