{"gold_per_floor":[115,29,29,29,44,44,75,75,132,147,163,190,207,238,238,310,310,310,145,45,45,45,45,45,45],"floor_reached":25,"playtime":992,"items_purged":["Strike_B"],"score":496,"play_id":"a8166f86-8270-4d86-8b39-38e12fa05cf2","local_time":"20190708204550","is_ascension_mode":true,"campfire_choices":[{"data":"Sunder","floor":6,"key":"SMITH"},{"data":"Self Repair","floor":8,"key":"SMITH"},{"data":"Capacitor","floor":15,"key":"SMITH"},{"data":"Blizzard","floor":23,"key":"SMITH"}],"neow_cost":"NONE","seed_source_timestamp":57658055979900,"circlet_count":0,"master_deck":["AscendersBane","Strike_B","Strike_B","Strike_B","Defend_B","Defend_B","Defend_B","Defend_B","Zap","Dualcast","Self Repair+1","Sunder+1","Capacitor+1","Cold Snap","White Noise","Cold Snap","Buffer","Capacitor+1","Blizzard+1","Coolheaded","Coolheaded","Reboot"],"relics":["Cracked Core","NeowsBlessing","Juzu Bracelet","Gremlin Horn","Tiny Chest","DataDisk","Dream Catcher","Ectoplasm"],"potions_floor_usage":[12,16,24,24,25],"damage_taken":[{"damage":0,"enemies":"2 Louse","floor":1,"turns":1},{"damage":0,"enemies":"Small Slimes","floor":5,"turns":1},{"damage":0,"enemies":"Gremlin Nob","floor":7,"turns":1},{"damage":6,"enemies":"Cultist","floor":10,"turns":3},{"damage":11,"enemies":"Blue Slaver","floor":11,"turns":3},{"damage":11,"enemies":"3 Sentries","floor":12,"turns":4},{"damage":9,"enemies":"Exordium Thugs","floor":13,"turns":3},{"damage":41,"enemies":"Gremlin Nob","floor":14,"turns":4},{"damage":32,"enemies":"Hexaghost","floor":16,"turns":9},{"damage":16,"enemies":"Shell Parasite","floor":18,"turns":9},{"damage":19,"enemies":"2 Thieves","floor":20,"turns":5},{"damage":13,"enemies":"Centurion and Healer","floor":22,"turns":8},{"damage":3,"enemies":"Cultist and Chosen","floor":24,"turns":7},{"damage":46,"enemies":"Slavers","floor":25,"turns":4}],"seed_played":"-7635768926459111154","potions_obtained":[{"floor":1,"key":"PowerPotion"},{"floor":11,"key":"Explosive Potion"},{"floor":14,"key":"Energy Potion"},{"floor":16,"key":"FocusPotion"},{"floor":18,"key":"GamblersBrew"},{"floor":24,"key":"FocusPotion"}],"is_trial":false,"path_per_floor":["M","$","?","?","M","R","E","R","T","M","M","E","M","E","R","B",null,"M","$","M","T","M","R","M","E"],"character_chosen":"DEFECT","items_purchased":["Sunder","Blizzard","Coolheaded"],"campfire_rested":0,"item_purchase_floors":[2,19,19],"current_hp_per_floor":[64,64,69,69,69,69,69,69,69,73,72,71,72,41,41,19,62,56,56,47,47,44,44,51,5],"gold":45,"neow_bonus":"THREE_ENEMY_KILL","is_prod":false,"is_daily":false,"chose_seed":false,"campfire_upgraded":4,"win_rate":0,"timestamp":1562586350,"path_taken":["M","$","?","?","M","R","E","R","T","M","M","E","M","E","R","BOSS","M","$","M","?","M","R","M","E"],"build_version":"2019-07-05","purchased_purges":1,"victory":false,"max_hp_per_floor":[71,71,76,76,76,76,76,76,76,76,76,76,76,76,76,76,76,76,76,76,76,76,76,76,76],"card_choices":[{"not_picked":["Gash","Lockon"],"picked":"Self Repair","floor":1},{"not_picked":["Redo","Rebound","Gash"],"picked":"SKIP","floor":5},{"not_picked":["Go for the Eyes","Stack","Steam"],"picked":"SKIP","floor":7},{"not_picked":["Static Discharge","Beam Cell"],"picked":"Capacitor","floor":10},{"not_picked":["White Noise","Gash"],"picked":"Cold Snap","floor":11},{"not_picked":["Gash","Blizzard"],"picked":"White Noise","floor":12},{"not_picked":["Redo","Conserve Battery","Skim"],"picked":"SKIP","floor":13},{"not_picked":["Stack","Blizzard"],"picked":"Cold Snap","floor":14},{"not_picked":["Hyperbeam","Machine Learning"],"picked":"Buffer","floor":16},{"not_picked":["Rebound+1","Ball Lightning"],"picked":"Capacitor+1","floor":18},{"not_picked":["Reprogram","Turbo"],"picked":"Coolheaded","floor":20},{"not_picked":["Doom and Gloom+1","Steam","Auto Shields"],"picked":"SKIP","floor":22},{"not_picked":["Beam Cell","Coolheaded"],"picked":"Reboot","floor":24}],"player_experience":953813,"relics_obtained":[{"floor":7,"key":"Gremlin Horn"},{"floor":9,"key":"Tiny Chest"},{"floor":12,"key":"DataDisk"},{"floor":14,"key":"Dream Catcher"}],"event_choices":[{"damage_healed":0,"gold_gain":0,"player_choice":"Donut","damage_taken":0,"max_hp_gain":5,"max_hp_loss":0,"event_name":"Big Fish","floor":3,"gold_loss":0},{"damage_healed":0,"gold_gain":0,"player_choice":"Gave Potion","damage_taken":0,"relics_obtained":["Juzu Bracelet"],"max_hp_gain":0,"max_hp_loss":0,"event_name":"WeMeetAgain","floor":4,"gold_loss":0}],"is_beta":false,"boss_relics":[{"not_picked":["Astrolabe","Coffee Dripper"],"picked":"Ectoplasm"}],"items_purged_floors":[19],"is_endless":false,"potions_floor_spawned":[1,11,14,16,18,24],"killed_by":"Slavers","ascension_level":20}