{"gold_per_floor":[368,331,331,50,50,50,68,130,130,130,201,201,228,254,266,352,364,387,399,60,70,88,88,99,99,172,172,202,202,231,251,251,330,330,342,342,355,371,386,386,386],"floor_reached":41,"playtime":1359,"items_purged":["Strike_R"],"score":1078,"play_id":"5daa4b2b-d0bc-4e82-9e1c-ee68277eb49e","local_time":"20190628212216","is_ascension_mode":true,"campfire_choices":[{"data":"Bash","floor":6.0,"key":"SMITH"},{"data":"Disarm","floor":10.0,"key":"SMITH"},{"floor":12.0,"key":"REST"},{"floor":15.0,"key":"REST"},{"data":"Corruption","floor":23.0,"key":"SMITH"},{"floor":25.0,"key":"REST"},{"data":"Pommel Strike","floor":32,"key":"SMITH"},{"data":"Feed","floor":40,"key":"SMITH"}],"neow_cost":"TEN_PERCENT_HP_LOSS","seed_source_timestamp":155123074004100,"circlet_count":0,"master_deck":["AscendersBane","Strike_R","Strike_R","Strike_R","Defend_R","Defend_R","Defend_R","Defend_R","Bash+1","Disarm+1","Corruption+1","Double Tap","Burning Pact","Exhume+1","Spot Weakness+1","Offering+1","Pommel Strike+1","Seeing Red+1","Burning Pact+1","Battle Trance+1","Pommel Strike+1","Feed+1","Evolve+1","Flame Barrier+1"],"special_seed":0,"relics":["Burning Blood","Charon\u0027s Ashes","Sundial","Tiny Chest","Toxic Egg 2","MawBank","Black Star","Membership Card","Red Skull","Kunai","The Courier","Blood Vial","Mummified Hand","Runic Dome","Molten Egg 2"],"potions_floor_usage":[41],"damage_taken":[{"damage":15.0,"enemies":"2 Louse","floor":1.0,"turns":3.0},{"damage":7.0,"enemies":"Jaw Worm","floor":7.0,"turns":4.0},{"damage":21.0,"enemies":"Lagavulin","floor":8.0,"turns":6.0},{"damage":42.0,"enemies":"3 Sentries","floor":13.0,"turns":6.0},{"damage":0.0,"enemies":"Cultist","floor":14.0,"turns":3.0},{"damage":21.0,"enemies":"The Guardian","floor":16.0,"turns":13.0},{"damage":21.0,"enemies":"Shell Parasite","floor":18.0,"turns":3.0},{"damage":6.0,"enemies":"Spheric Guardian","floor":21.0,"turns":3.0},{"damage":23.0,"enemies":"Shelled Parasite and Fungi","floor":22.0,"turns":2.0},{"damage":9.0,"enemies":"Snake Plant","floor":24.0,"turns":5.0},{"damage":13.0,"enemies":"Gremlin Leader","floor":28.0,"turns":3.0},{"damage":12,"enemies":"Slavers","floor":30,"turns":1},{"damage":6,"enemies":"3 Cultists","floor":31,"turns":2},{"damage":6,"enemies":"Collector","floor":33,"turns":2},{"damage":8,"enemies":"Orb Walker","floor":35,"turns":2},{"damage":3,"enemies":"3 Darklings","floor":37,"turns":3},{"damage":13,"enemies":"4 Shapes","floor":38,"turns":3},{"damage":6,"enemies":"Sphere and 2 Shapes","floor":39,"turns":1},{"damage":98,"enemies":"Nemesis","floor":41,"turns":4}],"seed_played":"6303061660309108235","potions_obtained":[{"floor":1.0,"key":"Weak Potion"},{"floor":8.0,"key":"Weak Potion"},{"floor":13.0,"key":"Strength Potion"},{"floor":18.0,"key":"Explosive Potion"},{"floor":24.0,"key":"SpeedPotion"},{"floor":30,"key":"Regen Potion"}],"is_trial":false,"path_per_floor":["M","$","?","$","?","R","M","E","T","R","T","R","E","M","R","B",null,"M","?","$","M","M","R","M","R","T","?","E","?","E","M","R","B",null,"M","T","M","M","M","R","E"],"character_chosen":"IRONCLAD","items_purchased":["Corruption","Sundial","Membership Card","Red Skull"],"campfire_rested":3,"item_purchase_floors":[2,4,20,20],"current_hp_per_floor":[59,59,41,41,41,41,40,25,25,25,25,45,9,15,35,20,56,41,41,41,41,24,24,21,41,41,41,34,34,28,30,30,32,59,62,62,70,68,76,76,0],"gold":386,"neow_bonus":"TWO_FIFTY_GOLD","is_prod":false,"is_daily":false,"chose_seed":false,"campfire_upgraded":5,"win_rate":0,"timestamp":1561724536,"path_taken":["M","$","?","$","?","R","M","E","T","R","?","R","E","M","R","BOSS","M","?","$","M","?","R","M","R","T","?","E","?","E","M","R","BOSS","M","?","M","M","M","R","E"],"build_version":"2019-01-23","purchased_purges":1,"victory":false,"max_hp_per_floor":[68,68,68,68,68,68,68,68,68,68,68,68,68,68,68,68,68,68,68,68,68,68,68,68,68,68,68,68,68,68,68,68,68,68,71,71,74,77,83,83,83],"card_choices":[{"not_picked":["Pummel","Shrug It Off"],"picked":"Disarm","floor":1.0},{"not_picked":["Body Slam","Hemokinesis","Headbutt"],"picked":"SKIP","floor":7.0},{"not_picked":["Pummel","Havoc"],"picked":"Burning Pact","floor":8.0},{"not_picked":["Perfected Strike","Thunderclap"],"picked":"Exhume+1","floor":13.0},{"not_picked":["Searing Blow","Twin Strike"],"picked":"Spot Weakness+1","floor":14.0},{"not_picked":["Berserk","Fiend Fire"],"picked":"Offering+1","floor":16.0},{"not_picked":["Clash","Cleave"],"picked":"Pommel Strike","floor":18.0},{"not_picked":["Havoc+1","Body Slam"],"picked":"Seeing Red+1","floor":21.0},{"not_picked":["Clash","Infernal Blade+1"],"picked":"Burning Pact+1","floor":22.0},{"not_picked":["Sever Soul","Body Slam","Iron Wave"],"picked":"SKIP","floor":24.0},{"not_picked":["Sever Soul","Body Slam","Iron Wave"],"picked":"SKIP","floor":24.0},{"not_picked":["Clash","Cleave"],"picked":"Battle Trance+1","floor":28},{"not_picked":["Hemokinesis","Inflame+1"],"picked":"Pommel Strike","floor":30},{"not_picked":["Twin Strike","Sword Boomerang","Body Slam"],"picked":"SKIP","floor":31},{"not_picked":["Exhume+1","Reaper"],"picked":"Feed","floor":33},{"not_picked":["Warcry+1","Thunderclap","Heavy Blade"],"picked":"SKIP","floor":35},{"not_picked":["Whirlwind+1","True Grit+1"],"picked":"Evolve+1","floor":37},{"not_picked":["Uppercut+1","Whirlwind+1","Cleave+1"],"picked":"SKIP","floor":38},{"not_picked":["True Grit+1","Clash+1"],"picked":"Flame Barrier+1","floor":39}],"player_experience":870591,"relics_obtained":[{"floor":8.0,"key":"Tiny Chest"},{"floor":11.0,"key":"Toxic Egg 2"},{"floor":13.0,"key":"MawBank"},{"floor":26.0,"key":"Kunai"},{"floor":28,"key":"The Courier"},{"floor":30,"key":"Blood Vial"},{"floor":30,"key":"Mummified Hand"},{"floor":36,"key":"Molten Egg 2"}],"event_choices":[{"damage_healed":0.0,"max_hp_gain":0.0,"max_hp_loss":0.0,"gold_gain":0.0,"event_name":"Scrap Ooze","player_choice":"Success","floor":3.0,"gold_loss":0.0,"damage_taken":18.0,"relics_obtained":["Charon\u0027s Ashes"]},{"damage_healed":0.0,"max_hp_gain":0.0,"max_hp_loss":0.0,"gold_gain":0.0,"cards_transformed":["Strike_R"],"event_name":"Living Wall","player_choice":"Change","floor":5.0,"gold_loss":0.0,"damage_taken":0.0,"cards_obtained":["Double Tap"]},{"damage_healed":0.0,"max_hp_gain":0.0,"max_hp_loss":0.0,"gold_gain":0.0,"event_name":"Upgrade Shrine","player_choice":"Upgraded","floor":19.0,"gold_loss":0.0,"damage_taken":0.0,"cards_upgraded":["Pommel Strike"]},{"damage_healed":0.0,"max_hp_gain":0.0,"max_hp_loss":0.0,"gold_gain":0.0,"event_name":"Vampires","player_choice":"Ignored","floor":27.0,"gold_loss":0.0,"damage_taken":0.0},{"damage_healed":0,"gold_gain":0,"player_choice":"0 cards matched","damage_taken":0,"max_hp_gain":0,"max_hp_loss":0,"event_name":"Match and Keep!","floor":29,"gold_loss":0,"cards_obtained":[]}],"is_beta":false,"boss_relics":[{"not_picked":["Eternal Feather","Orrery"],"picked":"Black Star"},{"not_picked":["Busted Crown","Cursed Key"],"picked":"Runic Dome"}],"items_purged_floors":[20],"is_endless":false,"potions_floor_spawned":[1,8,13,18,24,30,35],"killed_by":"Nemesis","ascension_level":20}