{"gold_per_floor":[115,190,190,210,50,83,83,113,113,113,127,147,176,197,197,275,275,275,275,17,17,17,17,17,17,17,17,17,17,17,17,17,17,17,17,17,0,0,0,0,0,0,0,0,0,0,0,0,0,0],"floor_reached":50,"playtime":1385,"items_purged":[],"score":1313,"play_id":"f6507005-5288-4f28-ac78-d8661b6a7a6e","local_time":"20190624165549","is_ascension_mode":true,"campfire_choices":[{"data":"Bash","floor":7.0,"key":"SMITH"},{"data":"Pommel Strike","floor":10.0,"key":"SMITH"},{"data":"Disarm","floor":15,"key":"SMITH"},{"data":"Immolate","floor":24,"key":"SMITH"},{"data":"Limit Break","floor":32,"key":"SMITH"},{"data":"True Grit","floor":40,"key":"SMITH"},{"floor":46,"key":"RECALL"},{"data":"Disarm","floor":49,"key":"SMITH"}],"neow_cost":"NONE","seed_source_timestamp":184003827767900,"circlet_count":0,"master_deck":["AscendersBane","Strike_R","Strike_R","Defend_R","Defend_R","Defend_R","Defend_R","Bash+1","Twin Strike","Pommel Strike+1","Infernal Blade","Burning Pact","Second Wind","Disarm+1","Immolate+1","True Grit+1","Evolve+1","Limit Break+1","Blood for Blood","Shrug It Off","Bludgeon","Spot Weakness","Heavy Blade+1","Exhume","Spot Weakness","Disarm+1","Seeing Red+1","True Grit+1"],"special_seed":0,"relics":["Burning Blood","NeowsBlessing","Lantern","Ginger","Matryoshka","Red Skull","Meat on the Bone","Odd Mushroom","Ectoplasm","StoneCalendar","Gremlin Horn","Oddly Smooth Stone","Boot","Nunchaku","Anchor","Centennial Puzzle","Bag of Preparation","Happy Flower","Mark of Pain","Red Mask","Self Forming Clay","Toxic Egg 2"],"potions_floor_usage":[19,33,33,48,48],"damage_taken":[{"damage":0.0,"enemies":"Cultist","floor":1.0,"turns":1.0},{"damage":0.0,"enemies":"Small Slimes","floor":4.0,"turns":1.0},{"damage":0.0,"enemies":"Lagavulin","floor":6.0,"turns":1.0},{"damage":45.0,"enemies":"3 Sentries","floor":8.0,"turns":9.0},{"damage":12.0,"enemies":"Jaw Worm","floor":11.0,"turns":2.0},{"damage":10.0,"enemies":"Large Slime","floor":12.0,"turns":5.0},{"damage":8.0,"enemies":"Gremlin Nob","floor":13.0,"turns":3.0},{"damage":25,"enemies":"The Mushroom Lair","floor":14,"turns":4},{"damage":31,"enemies":"Hexaghost","floor":16,"turns":9},{"damage":31,"enemies":"3 Byrds","floor":18,"turns":5},{"damage":34,"enemies":"Colosseum Slavers","floor":19,"turns":4},{"damage":12,"enemies":"Colosseum Nobs","floor":19,"turns":3},{"damage":25,"enemies":"Book of Stabbing","floor":23,"turns":4},{"damage":20,"enemies":"Slavers","floor":25,"turns":4},{"damage":16,"enemies":"Spheric Guardian","floor":27,"turns":4},{"damage":0,"enemies":"3 Cultists","floor":28,"turns":3},{"damage":23,"enemies":"Gremlin Leader","floor":29,"turns":4},{"damage":10,"enemies":"Slavers","floor":31,"turns":4},{"damage":31,"enemies":"Collector","floor":33,"turns":6},{"damage":15,"enemies":"3 Shapes","floor":35,"turns":3},{"damage":5,"enemies":"Orb Walker","floor":36,"turns":4},{"damage":0,"enemies":"Jaw Worm Horde","floor":39,"turns":3},{"damage":31,"enemies":"Reptomancer","floor":41,"turns":3},{"damage":21,"enemies":"Writhing Mass","floor":44,"turns":3},{"damage":25,"enemies":"Maw","floor":47,"turns":4},{"damage":29,"enemies":"Nemesis","floor":48,"turns":5},{"damage":24,"enemies":"Donu and Deca","floor":50,"turns":3}],"seed_played":"-450253557936918611","potions_obtained":[{"floor":4.0,"key":"FairyPotion"},{"floor":12.0,"key":"Energy Potion"},{"floor":13,"key":"FearPotion"},{"floor":19,"key":"SkillPotion"},{"floor":25,"key":"Energy Potion"},{"floor":27,"key":"Explosive Potion"},{"floor":33,"key":"Weak Potion"},{"floor":38,"key":"FearPotion"},{"floor":38,"key":"SkillPotion"}],"is_trial":false,"path_per_floor":["M","?","?","M","$","E","R","E","T","R","M","M","E","?","R","B",null,"M","?","$","?","?","E","R","E","T","M","M","E","?","E","R","B",null,"M","M","?","?","M","R","E","?","T","M","$","R","M","E","R","B"],"character_chosen":"IRONCLAD","items_purchased":["Lantern","Oddly Smooth Stone","Evolve"],"campfire_rested":0,"item_purchase_floors":[5,20,20],"current_hp_per_floor":[74,63,56,62,62,68,68,29,29,29,35,43,53,46,46,33,65,52,42,42,42,42,35,35,33,33,35,53,48,48,44,44,31,64,55,56,56,56,62,62,49,49,49,46,46,46,39,28,28,4],"gold":0,"neow_bonus":"THREE_ENEMY_KILL","is_prod":false,"is_daily":false,"chose_seed":false,"campfire_upgraded":7,"win_rate":0,"timestamp":1561362949,"path_taken":["M","?","?","M","?","E","R","E","T","R","M","M","E","?","R","BOSS","M","?","$","?","?","E","R","E","T","M","?","E","?","E","R","BOSS","M","M","?","?","?","R","E","?","T","?","?","R","M","E","R","BOSS"],"build_version":"2019-01-23","purchased_purges":0,"victory":false,"max_hp_per_floor":[75,75,75,75,75,75,75,75,75,75,75,75,75,75,75,75,75,75,75,75,75,75,75,75,75,75,75,75,75,75,75,75,75,75,75,75,75,75,75,75,75,75,75,75,75,75,75,75,75,75],"card_choices":[{"not_picked":["Clash","Headbutt"],"picked":"Twin Strike","floor":1.0},{"not_picked":["Ghostly Armor","Reckless Charge"],"picked":"Pommel Strike","floor":4.0},{"not_picked":["Searing Blow","Heavy Blade"],"picked":"Infernal Blade","floor":6.0},{"not_picked":["Bloodletting","Wild Strike","Dropkick"],"picked":"SKIP","floor":8.0},{"not_picked":["Berserk","Heavy Blade"],"picked":"Burning Pact","floor":11.0},{"not_picked":["Uppercut","Dual Wield","Headbutt"],"picked":"SKIP","floor":12.0},{"not_picked":["Anger","True Grit"],"picked":"Second Wind","floor":13},{"not_picked":["Clash","Corruption"],"picked":"Disarm","floor":14},{"not_picked":["Limit Break","Brutality"],"picked":"Immolate","floor":16},{"not_picked":["Searing Blow","Warcry","Clothesline+1"],"picked":"SKIP","floor":18},{"not_picked":["Hemokinesis","Fire Breathing"],"picked":"True Grit","floor":19},{"not_picked":["Flex","Anger","Intimidate"],"picked":"SKIP","floor":23},{"not_picked":["Body Slam","Pummel"],"picked":"Shrug It Off","floor":25},{"not_picked":["Clothesline+1","Iron Wave+1","Headbutt"],"picked":"SKIP","floor":27},{"not_picked":["Warcry","Anger"],"picked":"Bludgeon","floor":28},{"not_picked":["Sword Boomerang","Carnage"],"picked":"Spot Weakness","floor":29},{"not_picked":["Clothesline","Rampage"],"picked":"Heavy Blade+1","floor":31},{"not_picked":["Dark Embrace","Juggernaut"],"picked":"Exhume","floor":33},{"not_picked":["Clothesline","Carnage+1"],"picked":"Spot Weakness","floor":35},{"not_picked":["Warcry+1","Intimidate+1"],"picked":"Disarm","floor":36},{"not_picked":["Armaments+1","Reckless Charge"],"picked":"Seeing Red+1","floor":39},{"not_picked":["Dropkick","Second Wind","Headbutt"],"picked":"SKIP","floor":41},{"not_picked":["Rage","Cleave","Metallicize"],"picked":"SKIP","floor":44},{"not_picked":["Heavy Blade","Pommel Strike+1","Uppercut"],"picked":"SKIP","floor":47},{"not_picked":["Carnage","Twin Strike+1"],"picked":"True Grit","floor":48}],"player_experience":789311,"relics_obtained":[{"floor":6.0,"key":"Ginger"},{"floor":8.0,"key":"Matryoshka"},{"floor":9.0,"key":"Red Skull"},{"floor":9.0,"key":"Meat on the Bone"},{"floor":14,"key":"Odd Mushroom"},{"floor":19,"key":"StoneCalendar"},{"floor":19,"key":"Gremlin Horn"},{"floor":23,"key":"Boot"},{"floor":25,"key":"Nunchaku"},{"floor":26,"key":"Anchor"},{"floor":26,"key":"Centennial Puzzle"},{"floor":29,"key":"Bag of Preparation"},{"floor":31,"key":"Happy Flower"},{"floor":41,"key":"Self Forming Clay"},{"floor":48,"key":"Toxic Egg 2"}],"event_choices":[{"damage_healed":0.0,"max_hp_gain":0.0,"max_hp_loss":0.0,"gold_gain":75.0,"event_name":"World of Goop","player_choice":"Gather Gold","floor":2.0,"gold_loss":0.0,"damage_taken":11.0},{"cards_removed":["Strike_R"],"damage_healed":0.0,"max_hp_gain":0.0,"max_hp_loss":0.0,"gold_gain":0.0,"event_name":"Golden Wing","player_choice":"Card Removal","floor":3.0,"gold_loss":0.0,"damage_taken":7.0},{"damage_healed":0,"gold_gain":0,"player_choice":"Fought Mushrooms","damage_taken":0,"max_hp_gain":0,"max_hp_loss":0,"event_name":"Mushrooms","floor":14,"gold_loss":0},{"damage_healed":0,"gold_gain":0,"player_choice":"Fight","damage_taken":0,"max_hp_gain":0,"max_hp_loss":0,"event_name":"Colosseum","floor":19,"gold_loss":0},{"damage_healed":0,"gold_gain":0,"player_choice":"Fought Nobs","damage_taken":0,"max_hp_gain":0,"max_hp_loss":0,"event_name":"Colosseum","floor":19,"gold_loss":0},{"damage_healed":0,"gold_gain":0,"player_choice":"Ignored","damage_taken":0,"max_hp_gain":0,"max_hp_loss":0,"event_name":"Vampires","floor":21,"gold_loss":0},{"damage_healed":0,"gold_gain":0,"cards_transformed":["Strike_R","Strike_R"],"player_choice":"Became Test Subject","damage_taken":0,"max_hp_gain":0,"max_hp_loss":0,"event_name":"Drug Dealer","floor":22,"gold_loss":0,"cards_obtained":["Limit Break","Blood for Blood"]},{"damage_healed":0,"gold_gain":50,"player_choice":"Stole From Cult","damage_taken":0,"max_hp_gain":0,"max_hp_loss":0,"event_name":"Nest","floor":30,"gold_loss":0},{"damage_healed":0,"gold_gain":0,"player_choice":"Paid","damage_taken":0,"relics_obtained":["Red Mask"],"max_hp_gain":0,"max_hp_loss":0,"event_name":"Tomb of Lord Red Mask","floor":37,"gold_loss":17},{"damage_healed":0,"gold_gain":0,"player_choice":"Got Potions","damage_taken":0,"max_hp_gain":0,"max_hp_loss":0,"event_name":"Lab","floor":38,"gold_loss":0},{"damage_healed":0,"gold_gain":0,"player_choice":"Upgraded","damage_taken":0,"max_hp_gain":0,"max_hp_loss":0,"event_name":"Upgrade Shrine","floor":42,"gold_loss":0,"cards_upgraded":["Evolve"]}],"is_beta":false,"boss_relics":[{"not_picked":["Tiny House","Orrery"],"picked":"Ectoplasm"},{"not_picked":["Runic Cube","Sozu"],"picked":"Mark of Pain"}],"items_purged_floors":[],"is_endless":false,"potions_floor_spawned":[4,12,13,14,16,19,19,25,27,33,39,44],"killed_by":"Donu and Deca","ascension_level":20}