{"gold_per_floor":[119,33,33,45,45,45,86,101,150,181,146,146,164,185,185,281,281,305,305,305,328,342,342,31,31,31,31,70,90,110,10,10,103,103,127,127,49,49,74,74],"floor_reached":40,"playtime":1720,"items_purged":["Strike_B","Strike_B"],"score":928,"play_id":"df328d27-4a48-4cc1-824a-f1f27c95ad30","local_time":"20190613165543","is_ascension_mode":true,"campfire_choices":[{"data":"Defragment","floor":6,"key":"SMITH"},{"data":"Capacitor","floor":12,"key":"SMITH"},{"floor":15,"key":"REST"},{"floor":23,"key":"REST"},{"data":"Defragment","floor":25,"key":"SMITH"},{"data":"Loop","floor":32,"key":"SMITH"}],"neow_cost":"NONE","seed_source_timestamp":5830395550900,"circlet_count":0,"master_deck":["AscendersBane","Strike_B","Strike_B","Defend_B","Defend_B","Defend_B+1","Defend_B+1","Zap","Dualcast","Coolheaded","Defragment+1","Barrage","White Noise","Double Energy","Capacitor+1","Buffer","Ball Lightning","Rainbow","Loop+1","Cold Snap","Defragment+1","Seek","White Noise","Meteor Strike","Compile Driver","Defragment+1"],"relics":["FrozenCore","Happy Flower","Golden Idol","Bag of Preparation","Blood Vial","Ancient Tea Set","Nuclear Battery","Vajra","Sundial","Oddly Smooth Stone","Gambling Chip"],"potions_floor_usage":[7,7,13,18,28,33,33],"damage_taken":[{"damage":2,"enemies":"Jaw Worm","floor":1,"turns":3},{"damage":4,"enemies":"Small Slimes","floor":4,"turns":4},{"damage":28,"enemies":"Gremlin Nob","floor":7,"turns":4},{"damage":0,"enemies":"2 Louse","floor":8,"turns":3},{"damage":10,"enemies":"3 Sentries","floor":10,"turns":7},{"damage":0,"enemies":"Looter","floor":13,"turns":3},{"damage":9,"enemies":"Exordium Wildlife","floor":14,"turns":7},{"damage":1,"enemies":"Slime Boss","floor":16,"turns":10},{"damage":19,"enemies":"Shell Parasite","floor":18,"turns":7},{"damage":19,"enemies":"Colosseum Slavers","floor":20,"turns":4},{"damage":8,"enemies":"3 Byrds","floor":21,"turns":3},{"damage":8,"enemies":"Centurion and Healer","floor":22,"turns":10},{"damage":9,"enemies":"Gremlin Leader","floor":28,"turns":9},{"damage":0,"enemies":"Snecko","floor":29,"turns":3},{"damage":0,"enemies":"Sentry and Sphere","floor":30,"turns":3},{"damage":0,"enemies":"Collector","floor":33,"turns":9},{"damage":36,"enemies":"3 Darklings","floor":35,"turns":5},{"damage":5,"enemies":"Orb Walker","floor":39,"turns":3},{"damage":11,"enemies":"Nemesis","floor":40,"turns":8}],"seed_played":"768649224039872360","potions_obtained":[{"floor":1,"key":"Ancient Potion"},{"floor":4,"key":"Swift Potion"},{"floor":10,"key":"Swift Potion"},{"floor":14,"key":"SkillPotion"},{"floor":16,"key":"SpeedPotion"},{"floor":28,"key":"Energy Potion"},{"floor":29,"key":"Explosive Potion"}],"is_trial":false,"path_per_floor":["M","$","?","M","?","R","E","M","T","E","?","R","M","M","R","B",null,"M","?","?","M","M","R","$","R","T","T","E","M","M","$","R","B",null,"M","$","$","?","M","E"],"character_chosen":"DEFECT","items_purchased":["Defragment","Defragment","Vajra","Defragment"],"campfire_rested":2,"item_purchase_floors":[2,24,24,37],"current_hp_per_floor":[62,62,41,37,37,37,9,9,9,1,17,17,19,12,31,32,56,39,39,22,16,10,29,29,29,29,29,22,24,26,26,26,28,55,21,21,21,21,18,9],"gold":74,"neow_bonus":"RANDOM_COMMON_RELIC","is_prod":false,"is_daily":false,"chose_seed":false,"campfire_upgraded":4,"win_rate":0,"timestamp":1560412543,"path_taken":["M","$","?","M","?","R","E","M","T","E","?","R","?","M","R","BOSS","M","?","?","M","M","R","?","R","T","?","E","M","?","$","R","BOSS","M","?","$","?","?","E"],"build_version":"2019-01-23","purchased_purges":2,"victory":false,"max_hp_per_floor":[71,71,71,71,64,64,64,64,64,64,64,64,64,64,64,64,64,64,64,64,64,64,64,64,64,64,64,64,64,64,64,64,64,64,64,64,64,64,64,64],"card_choices":[{"not_picked":["Stack","Rebound"],"picked":"Coolheaded","floor":1},{"not_picked":["Steam","Gash"],"picked":"Barrage","floor":4},{"not_picked":["Steam","Static Discharge"],"picked":"White Noise","floor":7},{"not_picked":["Hologram","Fusion"],"picked":"Double Energy","floor":8},{"not_picked":["Heatsinks","Static Discharge"],"picked":"Capacitor","floor":10},{"not_picked":["Tempest","Stack"],"picked":"Buffer","floor":13},{"not_picked":["Leap","Rebound"],"picked":"Ball Lightning","floor":14},{"not_picked":["Fission","Buffer"],"picked":"Rainbow","floor":16},{"not_picked":["Barrage","Beam Cell+1"],"picked":"Loop","floor":18},{"not_picked":["Go for the Eyes","Auto Shields","Redo"],"picked":"SKIP","floor":21},{"not_picked":["Lockon+1","Rebound+1"],"picked":"Cold Snap","floor":22},{"not_picked":["Hologram","Double Energy"],"picked":"Seek","floor":28},{"not_picked":["Compile Driver","Sunder"],"picked":"White Noise","floor":29},{"not_picked":["Steam Power","Aggregate","Turbo"],"picked":"SKIP","floor":30},{"not_picked":["Thunder Strike","Buffer"],"picked":"Meteor Strike","floor":33},{"not_picked":["Lockon","Doom and Gloom+1"],"picked":"Compile Driver","floor":35},{"not_picked":["Beam Cell+1","Steam","Rebound+1"],"picked":"SKIP","floor":39}],"player_experience":631002,"relics_obtained":[{"floor":7,"key":"Bag of Preparation"},{"floor":9,"key":"Blood Vial"},{"floor":10,"key":"Ancient Tea Set"},{"floor":26,"key":"Sundial"},{"floor":27,"key":"Oddly Smooth Stone"},{"floor":28,"key":"Gambling Chip"}],"event_choices":[{"damage_healed":0,"gold_gain":0,"player_choice":"Entered Light","damage_taken":21,"max_hp_gain":0,"max_hp_loss":0,"event_name":"Shining Light","floor":3,"gold_loss":0,"cards_upgraded":["Defend_B","Defend_B"]},{"damage_healed":0,"gold_gain":0,"player_choice":"Lose Max HP","damage_taken":0,"relics_obtained":["Golden Idol"],"max_hp_gain":0,"max_hp_loss":7,"event_name":"Golden Idol","floor":5,"gold_loss":0},{"damage_healed":16,"gold_gain":0,"player_choice":"Healed","damage_taken":0,"max_hp_gain":0,"max_hp_loss":0,"event_name":"The Cleric","floor":11,"gold_loss":35},{"damage_healed":0,"gold_gain":0,"player_choice":"Ignored","damage_taken":0,"max_hp_gain":0,"max_hp_loss":0,"event_name":"The Mausoleum","floor":19,"gold_loss":0},{"damage_healed":0,"gold_gain":0,"player_choice":"Fight","damage_taken":0,"max_hp_gain":0,"max_hp_loss":0,"event_name":"Colosseum","floor":20,"gold_loss":0},{"damage_healed":0,"gold_gain":0,"player_choice":"Fled From Nobs","damage_taken":0,"max_hp_gain":0,"max_hp_loss":0,"event_name":"Colosseum","floor":20,"gold_loss":0},{"damage_healed":0,"gold_gain":0,"player_choice":"Forge","damage_taken":0,"max_hp_gain":0,"max_hp_loss":0,"event_name":"Accursed Blacksmith","floor":38,"gold_loss":0,"cards_upgraded":["Defragment"]}],"is_beta":false,"boss_relics":[{"not_picked":["Black Star","Coffee Dripper"],"picked":"Nuclear Battery"},{"not_picked":["Busted Crown","Tiny House"],"picked":"FrozenCore"}],"items_purged_floors":[24,31],"is_endless":false,"potions_floor_spawned":[1,4,10,14,16,28,29],"killed_by":"Nemesis","ascension_level":20}