{"gold_per_floor":[109,128,139,139,64,64,98,98,98,116,146,163,163,181,181,255,255,265,281,15,195,215,215,249,249,249,36,70,70,70,105,105,178,178,194,194,194,194,50,81,94,126,138,163,175,187,40,57,57,57,57,57,57,7,36,36],"floor_reached":56,"playtime":2367,"items_purged":["Strike_B","Strike_B"],"score":2292,"play_id":"235a7dbf-5acf-446c-9178-0f13735cc74f","local_time":"20190705221518","is_ascension_mode":true,"campfire_choices":[{"data":"Zap","floor":6.0,"key":"SMITH"},{"data":"Consume","floor":8.0,"key":"SMITH"},{"floor":15.0,"key":"REST"},{"data":"Defragment","floor":23.0,"key":"SMITH"},{"data":"Coolheaded","floor":25.0,"key":"SMITH"},{"data":"Ghostly","floor":30.0,"key":"SMITH"},{"data":"Ghostly","floor":32.0,"key":"SMITH"},{"data":"Fission","floor":46.0,"key":"SMITH"},{"floor":49.0,"key":"RECALL"},{"data":"Capacitor","floor":53.0,"key":"SMITH"}],"neow_cost":"NONE","seed_source_timestamp":565261938951600,"circlet_count":0,"master_deck":["AscendersBane","Strike_B","Defend_B","Defend_B","Defend_B","Defend_B","Zap+1","Dualcast","Cold Snap","Glacier","Cold Snap","Consume+1","Ball Lightning","Echo Form","Biased Cognition","Coolheaded+1","Defragment+1","Turbo","Glacier","Ghostly","Ghostly+1","Ghostly+1","Fission+1","Deep Breath","Loop","Loop+1","Rainbow+1","Coolheaded+1","Blizzard","Capacitor+1","Glacier+1","Hologram+1","Undo+1"],"special_seed":0,"relics":["Cracked Core","NeowsBlessing","Strawberry","Cables","Turnip","Coffee Dripper","Regal Pillow","Lee\u0027s Waffle","DataDisk","Dodecahedron","Cursed Key","Toxic Egg 2","MawBank","Mummified Hand"],"potions_floor_usage":[56],"damage_taken":[{"damage":0.0,"enemies":"Cultist","floor":1.0,"turns":1.0},{"damage":0.0,"enemies":"Small Slimes","floor":2.0,"turns":1.0},{"damage":0.0,"enemies":"2 Louse","floor":3.0,"turns":1.0},{"damage":26.0,"enemies":"Lagavulin","floor":7.0,"turns":9.0},{"damage":10.0,"enemies":"Lots of Slimes","floor":10.0,"turns":4.0},{"damage":8.0,"enemies":"Gremlin Nob","floor":11.0,"turns":3.0},{"damage":13.0,"enemies":"Large Slime","floor":12.0,"turns":3.0},{"damage":2.0,"enemies":"Gremlin Gang","floor":14.0,"turns":4.0},{"damage":13.0,"enemies":"Slime Boss","floor":16.0,"turns":7.0},{"damage":0.0,"enemies":"Spheric Guardian","floor":18.0,"turns":6.0},{"damage":16.0,"enemies":"Shell Parasite","floor":19.0,"turns":4.0},{"damage":0.0,"enemies":"Snecko","floor":22.0,"turns":4.0},{"damage":0.0,"enemies":"Gremlin Leader","floor":24.0,"turns":6.0},{"damage":4.0,"enemies":"Slavers","floor":28.0,"turns":10.0},{"damage":0.0,"enemies":"Book of Stabbing","floor":31.0,"turns":6.0},{"damage":0.0,"enemies":"Collector","floor":33.0,"turns":21.0},{"damage":0.0,"enemies":"3 Darklings","floor":35.0,"turns":7.0},{"damage":40.0,"enemies":"Reptomancer","floor":40.0,"turns":8.0},{"damage":1.0,"enemies":"Orb Walker","floor":41.0,"turns":4.0},{"damage":0.0,"enemies":"Giant Head","floor":42.0,"turns":11.0},{"damage":0.0,"enemies":"Transient","floor":44.0,"turns":6.0},{"damage":0.0,"enemies":"Spire Growth","floor":48.0,"turns":7.0},{"damage":3.0,"enemies":"Donu and Deca","floor":50.0,"turns":13.0},{"damage":0.0,"enemies":"Time Eater","floor":51.0,"turns":10.0},{"damage":23.0,"enemies":"Shield and Spear","floor":55.0,"turns":13.0},{"damage":12,"enemies":"The Heart","floor":56,"turns":11}],"seed_played":"2620360868384810617","potions_obtained":[{"floor":1.0,"key":"Swift Potion"},{"floor":7.0,"key":"LiquidBronze"},{"floor":10.0,"key":"Ancient Potion"},{"floor":11.0,"key":"FocusPotion"},{"floor":13.0,"key":"AttackPotion"},{"floor":19.0,"key":"Poison Potion"},{"floor":28.0,"key":"Swift Potion"},{"floor":33.0,"key":"Regen Potion"},{"floor":35.0,"key":"Weak Potion"},{"floor":40.0,"key":"PowerPotion"},{"floor":44.0,"key":"Ancient Potion"}],"is_trial":false,"path_per_floor":["M","M","M","?","?","R","E","R","T","M","E","M","?","M","R","B",null,"M","M","$","?","M","R","E","R","T","$","E","?","R","E","R","B",null,"M","$","?","?","$","E","M","E","T","M","?","R","$","M","R","B","B",null,"R","$","E","B"],"character_chosen":"DEFECT","items_purchased":["Coolheaded","Defragment","Turbo","Lee\u0027s Waffle","Loop","Blizzard","Capacitor","Hologram+1"],"campfire_rested":1,"item_purchase_floors":[20,20,20,27,39,47,47,54],"current_hp_per_floor":[64,64,64,64,64,64,45,45,45,35,27,14,14,12,35,22,64,64,48,48,20,20,20,20,20,20,85,81,42,42,42,42,42,42,42,42,40,40,40,15,14,14,14,14,33,33,33,33,33,30,30,32,32,32,9,0],"gold":36,"neow_bonus":"THREE_ENEMY_KILL","is_prod":false,"is_daily":false,"chose_seed":false,"campfire_upgraded":8,"win_rate":0,"timestamp":1562332518,"path_taken":["M","M","M","?","?","R","E","R","T","M","E","M","?","M","R","BOSS","M","?","$","?","?","R","E","R","T","?","E","?","R","E","R","BOSS","M","$","?","?","$","E","M","E","T","M","?","R","$","M","R","BOSS","BOSS","R","$","E","BOSS"],"build_version":"2019-07-01","purchased_purges":2,"victory":false,"max_hp_per_floor":[71,71,71,71,71,71,78,78,78,78,78,78,78,78,78,78,78,78,78,78,78,78,78,78,78,78,85,85,42,42,42,42,42,42,42,42,40,40,40,40,40,40,40,40,33,33,33,33,33,33,33,33,33,33,33,33],"card_choices":[{"not_picked":["Storm","Barrage"],"picked":"Cold Snap","floor":1.0},{"not_picked":["Barrage","Rebound"],"picked":"Glacier","floor":2.0},{"not_picked":["Redo","Static Discharge"],"picked":"Cold Snap","floor":3.0},{"not_picked":["Barrage","Beam Cell"],"picked":"Consume","floor":7.0},{"not_picked":["Turbo","Hologram"],"picked":"Ball Lightning","floor":10.0},{"not_picked":["Stack","Buffer"],"picked":"Echo Form","floor":11.0},{"not_picked":["Barrage","Gash","Sweeping Beam"],"picked":"SKIP","floor":12.0},{"not_picked":["Sunder","Undo","Hologram"],"picked":"SKIP","floor":14.0},{"not_picked":["Seek","Echo Form"],"picked":"Biased Cognition","floor":16.0},{"not_picked":["Rebound","Gash","Doom and Gloom"],"picked":"SKIP","floor":18.0},{"not_picked":["Barrage","Melter","Stack"],"picked":"SKIP","floor":19.0},{"not_picked":["Coolheaded","Doom and Gloom+1"],"picked":"Glacier","floor":22.0},{"not_picked":["Go for the Eyes","Turbo","Barrage"],"picked":"SKIP","floor":24.0},{"not_picked":["Machine Learning","Steam Power","Stack"],"picked":"SKIP","floor":28.0},{"not_picked":["Sweeping Beam","Steam Power","Ball Lightning"],"picked":"SKIP","floor":31.0},{"not_picked":["Buffer","Rainbow"],"picked":"Fission","floor":33.0},{"not_picked":["Redo","Stack+1","Static Discharge"],"picked":"SKIP","floor":35.0},{"not_picked":["Secret Weapon","Chrysalis"],"picked":"Deep Breath","floor":38.0},{"not_picked":["Rebound","Gash"],"picked":"Loop+1","floor":40.0},{"not_picked":["Leap+1","Compile Driver","Turbo+1"],"picked":"SKIP","floor":41.0},{"not_picked":["Conserve Battery+1","Sweeping Beam"],"picked":"Rainbow+1","floor":42.0},{"not_picked":["Storm","Steam Power+1"],"picked":"Coolheaded+1","floor":44.0},{"not_picked":["Conserve Battery+1","Melter+1"],"picked":"Glacier+1","floor":48.0},{"not_picked":["Beam Cell","Steam+1"],"picked":"Undo+1","floor":55.0}],"player_experience":931925,"relics_obtained":[{"floor":7.0,"key":"Strawberry"},{"floor":9.0,"key":"Cables"},{"floor":11.0,"key":"Turnip"},{"floor":24.0,"key":"Regal Pillow"},{"floor":28.0,"key":"DataDisk"},{"floor":31.0,"key":"Dodecahedron"},{"floor":40.0,"key":"Toxic Egg 2"},{"floor":42.0,"key":"MawBank"},{"floor":55.0,"key":"Mummified Hand"}],"event_choices":[{"damage_healed":0.0,"max_hp_gain":0.0,"max_hp_loss":0.0,"gold_gain":0.0,"event_name":"Liars Game","player_choice":"Ignored","floor":4.0,"gold_loss":0.0,"damage_taken":0.0},{"cards_removed":["Strike_B"],"damage_healed":0.0,"max_hp_gain":0.0,"max_hp_loss":0.0,"gold_gain":0.0,"event_name":"The Cleric","player_choice":"Card Removal","floor":5.0,"gold_loss":75.0,"damage_taken":0.0},{"damage_healed":0.0,"max_hp_gain":0.0,"max_hp_loss":0.0,"gold_gain":0.0,"event_name":"Lab","player_choice":"Got Potions","floor":13.0,"gold_loss":0.0,"damage_taken":0.0},{"damage_healed":0.0,"max_hp_gain":0.0,"max_hp_loss":0.0,"gold_gain":180.0,"event_name":"Knowing Skull","player_choice":"POTION GOLD GOLD ","floor":21.0,"potions_obtained":["EssenceOfSteel"],"gold_loss":0.0,"damage_taken":28.0,"cards_obtained":[]},{"damage_healed":0.0,"max_hp_gain":0.0,"max_hp_loss":43.0,"gold_gain":0.0,"event_name":"Ghosts","player_choice":"Became a Ghost","floor":29.0,"gold_loss":0.0,"damage_taken":0.0,"cards_obtained":["Ghostly","Ghostly","Ghostly"]},{"damage_healed":0.0,"max_hp_gain":0.0,"max_hp_loss":2.0,"gold_gain":0.0,"event_name":"Winding Halls","player_choice":"Max HP","floor":37.0,"gold_loss":0.0,"damage_taken":0.0},{"damage_healed":0.0,"max_hp_gain":0.0,"max_hp_loss":0.0,"gold_gain":0.0,"event_name":"SensoryStone","player_choice":"Memory 1","floor":38.0,"gold_loss":0.0,"damage_taken":0.0},{"damage_healed":33.0,"max_hp_gain":0.0,"max_hp_loss":7.0,"gold_gain":0.0,"event_name":"The Moai Head","player_choice":"Heal","floor":45.0,"gold_loss":0.0,"damage_taken":0.0}],"is_beta":false,"boss_relics":[{"not_picked":["Eternal Feather","Calling Bell"],"picked":"Coffee Dripper"},{"not_picked":["Tiny House","Velvet Choker"],"picked":"Cursed Key"}],"items_purged_floors":[20,39],"is_endless":false,"potions_floor_spawned":[1,7,10,11,19,28,33,35,40,44],"killed_by":"The Heart","ascension_level":20}