{"gold_per_floor":[109,109,25,25,25,37,67,79,114,126,57,82,100,125,125,125],"floor_reached":16,"playtime":212,"items_purged":[],"score":282,"play_id":"a645743c-3d03-4858-99ec-f3159a7f26a5","local_time":"20190615001328","is_ascension_mode":true,"campfire_choices":[{"data":"Double Energy","floor":10,"key":"SMITH"},{"data":"Defragment","floor":15,"key":"SMITH"}],"neow_cost":"NONE","seed_source_timestamp":35055561423799,"circlet_count":0,"master_deck":["AscendersBane","Strike_B","Strike_B","Strike_B","Strike_B","Defend_B","Defend_B","Defend_B","Defend_B","Zap","Dualcast","Double Energy+1","Core Surge","Regret","Pain","Tempest","Defragment+1"],"relics":["Cracked Core","NeowsBlessing","Pen Nib","Matryoshka","WarpedTongs","MawBank","Anchor","Bag of Preparation","Cables","Centennial Puzzle"],"potions_floor_usage":[12,14],"damage_taken":[{"damage":0,"enemies":"2 Louse","floor":1,"turns":1},{"damage":0,"enemies":"Cultist","floor":6,"turns":1},{"damage":0,"enemies":"Lagavulin","floor":7,"turns":1},{"damage":13,"enemies":"Gremlin Nob","floor":12,"turns":3},{"damage":2,"enemies":"Small Slimes","floor":13,"turns":2},{"damage":27,"enemies":"3 Sentries","floor":14,"turns":4},{"damage":11,"enemies":"Hexaghost","floor":16,"turns":2}],"seed_played":"2584050262004530943","potions_obtained":[{"floor":1,"key":"SkillPotion"},{"floor":12,"key":"AttackPotion"},{"floor":13,"key":"Dexterity Potion"}],"is_trial":false,"path_per_floor":["M","?","$","?","?","M","E","$","T","R","$","E","M","E","R","B"],"character_chosen":"DEFECT","items_purchased":["Core Surge","Defragment"],"campfire_rested":0,"item_purchase_floors":[3,11],"current_hp_per_floor":[64,53,53,53,53,53,53,53,53,53,53,40,38,11,11,0],"gold":125,"neow_bonus":"THREE_ENEMY_KILL","is_prod":false,"is_daily":false,"chose_seed":false,"campfire_upgraded":2,"win_rate":0,"timestamp":1560525208,"path_taken":["M","?","$","?","?","?","E","?","T","R","$","E","M","E","R","BOSS"],"build_version":"2019-01-23","purchased_purges":0,"victory":false,"max_hp_per_floor":[71,71,71,71,71,71,71,71,71,71,71,71,71,71,71,71],"card_choices":[{"not_picked":["Lockon","Melter"],"picked":"Double Energy","floor":1},{"not_picked":["Redo","Steam"],"picked":"Tempest","floor":6},{"not_picked":["Compile Driver","Scrape","Undo"],"picked":"SKIP","floor":7},{"not_picked":["Steam","Compile Driver","Melter"],"picked":"SKIP","floor":12},{"not_picked":["Conserve Battery","Go for the Eyes","Undo"],"picked":"SKIP","floor":13},{"not_picked":["Undo","Steam","Conserve Battery"],"picked":"SKIP","floor":14}],"player_experience":661722,"relics_obtained":[{"floor":7,"key":"MawBank"},{"floor":9,"key":"Anchor"},{"floor":9,"key":"Bag of Preparation"},{"floor":12,"key":"Cables"},{"floor":14,"key":"Centennial Puzzle"}],"event_choices":[{"damage_healed":0,"gold_gain":0,"player_choice":"Success","damage_taken":11,"relics_obtained":["Pen Nib"],"max_hp_gain":0,"max_hp_loss":0,"event_name":"Scrap Ooze","floor":2,"gold_loss":0},{"damage_healed":0,"gold_gain":0,"player_choice":"Box","damage_taken":0,"relics_obtained":["Matryoshka"],"max_hp_gain":0,"max_hp_loss":0,"event_name":"Big Fish","floor":4,"gold_loss":0,"cards_obtained":["Regret"]},{"damage_healed":0,"gold_gain":0,"player_choice":"Rummage","damage_taken":0,"relics_obtained":["WarpedTongs"],"max_hp_gain":0,"max_hp_loss":0,"event_name":"Accursed Blacksmith","floor":5,"gold_loss":0,"cards_obtained":["Pain"]}],"is_beta":false,"boss_relics":[],"items_purged_floors":[],"is_endless":false,"potions_floor_spawned":[1,12,13],"killed_by":"Hexaghost","ascension_level":20}