{"gold_per_floor":[115,125,175,188,131,131,161,161,186,203,203],"floor_reached":11,"playtime":313,"items_purged":[],"score":196,"play_id":"5c8e0486-029d-4442-8f52-d73fba155ca4","local_time":"20190723201551","is_ascension_mode":true,"campfire_choices":[{"data":"Armaments","floor":6,"key":"SMITH"}],"neow_cost":"NONE","seed_source_timestamp":363098010242000,"circlet_count":0,"master_deck":["AscendersBane","Bash","Spot Weakness","Limit Break","Entrench","Dropkick","Bludgeon","Feel No Pain","Demon Form","Havoc","Sword Boomerang","Evolve","Pommel Strike","Armaments+1","Second Wind","Shrug It Off"],"relics":["Pandora\u0027s Box","Lantern","Bag of Marbles"],"potions_floor_usage":[7,10,11],"damage_taken":[{"damage":18,"enemies":"Small Slimes","floor":1,"turns":2},{"damage":8,"enemies":"2 Louse","floor":2,"turns":3},{"damage":12,"enemies":"Jaw Worm","floor":4,"turns":2},{"damage":0,"enemies":"Gremlin Nob","floor":7,"turns":2},{"damage":1,"enemies":"3 Louse","floor":10,"turns":2},{"damage":20,"enemies":"Lagavulin","floor":11,"turns":5}],"seed_played":"-470275159696629922","potions_obtained":[{"floor":2,"key":"Poison Potion"},{"floor":7,"key":"LiquidBronze"},{"floor":10,"key":"Strength Potion"}],"is_trial":false,"path_per_floor":["M","M","?","M","$","R","E","?","T","M","E"],"character_chosen":"IRONCLAD","items_purchased":["Fire Potion"],"campfire_rested":0,"item_purchase_floors":[5],"current_hp_per_floor":[50,42,42,30,30,30,30,30,30,29,9],"gold":203,"neow_bonus":"BOSS_RELIC","is_prod":false,"is_daily":false,"chose_seed":false,"campfire_upgraded":1,"win_rate":0,"timestamp":1563880551,"path_taken":["M","M","?","M","$","R","E","?","T","M","E"],"build_version":"2019-07-17","purchased_purges":0,"victory":false,"max_hp_per_floor":[75,75,75,75,75,75,75,75,75,75,75],"card_choices":[{"not_picked":["Thunderclap","Wild Strike"],"picked":"Evolve","floor":1},{"not_picked":["Spot Weakness","Sever Soul"],"picked":"Pommel Strike","floor":2},{"not_picked":["Disarm","Dual Wield"],"picked":"Armaments","floor":4},{"not_picked":["Cleave","Clash"],"picked":"Second Wind","floor":7},{"not_picked":["Anger","Inflame"],"picked":"Shrug It Off","floor":10}],"player_experience":1155418,"relics_obtained":[{"floor":7,"key":"Lantern"},{"floor":9,"key":"Bag of Marbles"}],"event_choices":[{"damage_healed":0,"gold_gain":50,"player_choice":"Gained Gold","damage_taken":0,"max_hp_gain":0,"max_hp_loss":0,"event_name":"Golden Wing","floor":3,"gold_loss":0},{"damage_healed":0,"gold_gain":0,"player_choice":"Ignored","damage_taken":0,"max_hp_gain":0,"max_hp_loss":0,"event_name":"Liars Game","floor":8,"gold_loss":0}],"is_beta":false,"boss_relics":[],"items_purged_floors":[],"is_endless":false,"potions_floor_spawned":[2,7,10],"killed_by":"Lagavulin","ascension_level":20}