{"gold_per_floor":[13,26,26,26,39,39,57,72,72,101,120,139,170,184,184,184],"floor_reached":16,"playtime":422,"items_purged":[],"score":232,"play_id":"d02cba11-ac1f-46eb-9b3a-73708c51a8c1","local_time":"20190730175822","is_ascension_mode":true,"campfire_choices":[{"data":"Darkness","floor":6,"key":"SMITH"},{"data":"Static Discharge","floor":15,"key":"SMITH"}],"neow_cost":"NO_GOLD","seed_source_timestamp":959549848440200,"circlet_count":0,"master_deck":["AscendersBane","Strike_B","Strike_B","Strike_B","Defend_B","Defend_B","Defend_B","Defend_B","Zap","Dualcast","Darkness+1","Coolheaded","Coolheaded","Chill","Ball Lightning","Turbo","Static Discharge+1","Double Energy","Electrodynamics"],"relics":["Cracked Core","Bird Faced Urn","GremlinMask","Lantern","Pen Nib","Ornamental Fan"],"potions_floor_usage":[10,11,16,16],"damage_taken":[{"damage":0,"enemies":"Cultist","floor":1,"turns":3},{"damage":10,"enemies":"Small Slimes","floor":2,"turns":4},{"damage":0,"enemies":"2 Louse","floor":5,"turns":4},{"damage":3,"enemies":"Looter","floor":7,"turns":3},{"damage":7,"enemies":"Red Slaver","floor":8,"turns":3},{"damage":6,"enemies":"Gremlin Nob","floor":10,"turns":3},{"damage":0,"enemies":"Large Slime","floor":11,"turns":4},{"damage":12,"enemies":"2 Fungi Beasts","floor":12,"turns":3},{"damage":10,"enemies":"3 Sentries","floor":13,"turns":2},{"damage":8,"enemies":"Lots of Slimes","floor":14,"turns":2},{"damage":24,"enemies":"Hexaghost","floor":16,"turns":7}],"seed_played":"4005719812935435656","potions_obtained":[{"floor":1,"key":"Energy Potion"},{"floor":2,"key":"Fire Potion"},{"floor":8,"key":"Fire Potion"},{"floor":10,"key":"Explosive Potion"},{"floor":11,"key":"Poison Potion"}],"is_trial":false,"path_per_floor":["M","M","?","?","M","R","M","M","T","E","M","M","E","M","R","B"],"character_chosen":"DEFECT","items_purchased":[],"campfire_rested":0,"item_purchase_floors":[],"current_hp_per_floor":[64,54,54,54,54,54,51,44,44,38,40,30,24,20,20,0],"gold":184,"neow_bonus":"ONE_RARE_RELIC","is_prod":false,"is_daily":false,"chose_seed":false,"campfire_upgraded":2,"win_rate":0,"timestamp":1564477102,"path_taken":["M","M","?","?","M","R","M","?","T","E","M","M","E","M","R","BOSS"],"build_version":"2019-07-17","purchased_purges":0,"victory":false,"max_hp_per_floor":[71,71,71,71,71,71,71,71,71,71,71,71,71,71,71,71],"card_choices":[{"not_picked":["Loop","Genetic Algorithm"],"picked":"Darkness","floor":1},{"not_picked":["Reinforced Body","Rip and Tear"],"picked":"Coolheaded","floor":2},{"not_picked":["FTL","Stack"],"picked":"Chill","floor":5},{"not_picked":["Cold Snap","Chill"],"picked":"Ball Lightning","floor":7},{"not_picked":["Chaos","Cold Snap"],"picked":"Turbo","floor":8},{"not_picked":["Stack","Go for the Eyes"],"picked":"Static Discharge","floor":10},{"not_picked":["Rebound","Steam"],"picked":"Double Energy","floor":11},{"not_picked":["Rebound","Redo"],"picked":"Electrodynamics","floor":12},{"not_picked":["Beam Cell","Coolheaded","Force Field"],"picked":"SKIP","floor":13},{"not_picked":["Undo","Ball Lightning","Steam"],"picked":"SKIP","floor":14}],"player_experience":1301516,"relics_obtained":[{"floor":9,"key":"Lantern"},{"floor":10,"key":"Pen Nib"},{"floor":13,"key":"Ornamental Fan"}],"event_choices":[{"damage_healed":0,"gold_gain":0,"cards_transformed":["Strike_B"],"player_choice":"Change","damage_taken":0,"max_hp_gain":0,"max_hp_loss":0,"event_name":"Living Wall","floor":3,"gold_loss":0,"cards_obtained":["Coolheaded"]},{"damage_healed":0,"gold_gain":0,"player_choice":"Trade","damage_taken":0,"relics_obtained":["GremlinMask"],"max_hp_gain":0,"max_hp_loss":0,"event_name":"FaceTrader","floor":4,"gold_loss":0}],"is_beta":false,"boss_relics":[],"items_purged_floors":[],"is_endless":false,"potions_floor_spawned":[1,2,8,10,11],"killed_by":"Hexaghost","ascension_level":20}