{"gold_per_floor":[118,193,204,204,214,214,249,249,275,304,323,334,1,15,15,87,87,100,150,110,110],"floor_reached":21,"playtime":663,"items_purged":["Strike_R"],"score":532,"play_id":"4ba01241-7601-4173-9a20-8302bb6d1472","local_time":"20190702172510","is_ascension_mode":true,"campfire_choices":[{"data":"Barricade","floor":6,"key":"SMITH"},{"data":"Bash","floor":8,"key":"SMITH"},{"data":"Flame Barrier","floor":15,"key":"SMITH"}],"neow_cost":"NONE","seed_source_timestamp":291220824991000,"circlet_count":0,"master_deck":["AscendersBane","Strike_R","Strike_R","Strike_R","Defend_R","Defend_R","Defend_R","Defend_R","Bash+1","Flame Barrier+1","Barricade+1","Pommel Strike","Evolve","Sword Boomerang","Berserk","Body Slam","Burning Pact","True Grit","Dark Embrace","Armaments"],"relics":["Coffee Dripper","Orichalcum","Ancient Tea Set","Matryoshka","PreservedInsect","Eternal Feather"],"potions_floor_usage":[5,7,14,14,16,20],"damage_taken":[{"damage":1,"enemies":"Cultist","floor":1,"turns":4},{"damage":2,"enemies":"Jaw Worm","floor":3,"turns":3},{"damage":0,"enemies":"2 Louse","floor":5,"turns":4},{"damage":0,"enemies":"Lagavulin","floor":7,"turns":7},{"damage":38,"enemies":"Gremlin Nob","floor":10,"turns":5},{"damage":15,"enemies":"Red Slaver","floor":11,"turns":4},{"damage":12,"enemies":"3 Louse","floor":12,"turns":4},{"damage":1,"enemies":"Large Slime","floor":14,"turns":6},{"damage":0,"enemies":"Slime Boss","floor":16,"turns":7},{"damage":12,"enemies":"Shell Parasite","floor":18,"turns":9},{"damage":22,"enemies":"2 Thieves","floor":20,"turns":5},{"damage":18,"enemies":"Snake Plant","floor":21,"turns":1}],"seed_played":"-2996634420903977233","potions_obtained":[{"floor":1,"key":"Block Potion"},{"floor":3,"key":"Regen Potion"},{"floor":12,"key":"Block Potion"},{"floor":14,"key":"SpeedPotion"},{"floor":18,"key":"SteroidPotion"}],"is_trial":false,"path_per_floor":["M","?","M","?","M","R","E","R","T","E","M","M","$","M","R","B",null,"M","?","M","M"],"character_chosen":"IRONCLAD","items_purchased":["PreservedInsect","SpeedPotion","Burning Pact"],"campfire_rested":0,"item_purchase_floors":[13,13,13],"current_hp_per_floor":[67,56,54,54,54,54,69,69,69,31,16,4,4,3,3,3,57,45,38,16,0],"gold":110,"neow_bonus":"BOSS_RELIC","is_prod":false,"is_daily":false,"chose_seed":false,"campfire_upgraded":3,"win_rate":0,"timestamp":1562055910,"path_taken":["M","?","M","?","M","R","E","R","T","E","M","M","?","M","R","BOSS","M","?","M","M"],"build_version":"2019-07-01","purchased_purges":1,"victory":false,"max_hp_per_floor":[75,75,75,75,75,75,75,75,75,75,75,75,75,75,75,75,75,75,75,75,75],"card_choices":[{"not_picked":["Thunderclap","Uppercut"],"picked":"Flame Barrier","floor":1},{"not_picked":["Twin Strike","Wild Strike","Havoc"],"picked":"SKIP","floor":3},{"not_picked":["Clothesline","Anger"],"picked":"Pommel Strike","floor":5},{"not_picked":["Perfected Strike","Blood for Blood"],"picked":"Evolve","floor":7},{"not_picked":["Rage","Uppercut"],"picked":"Sword Boomerang","floor":10},{"not_picked":["Sever Soul","Sword Boomerang"],"picked":"Berserk","floor":11},{"not_picked":["Headbutt","True Grit"],"picked":"Body Slam","floor":12},{"not_picked":["Havoc","Whirlwind"],"picked":"True Grit","floor":14},{"not_picked":["Double Tap","Juggernaut"],"picked":"Dark Embrace","floor":16},{"not_picked":["Twin Strike","Uppercut","Havoc"],"picked":"SKIP","floor":18},{"not_picked":["Cleave","Havoc"],"picked":"Armaments","floor":20}],"player_experience":904753,"relics_obtained":[{"floor":7,"key":"Orichalcum"},{"floor":9,"key":"Ancient Tea Set"},{"floor":10,"key":"Matryoshka"}],"event_choices":[{"damage_healed":0,"gold_gain":75,"player_choice":"Gather Gold","damage_taken":11,"max_hp_gain":0,"max_hp_loss":0,"event_name":"World of Goop","floor":2,"gold_loss":0},{"damage_healed":0,"gold_gain":0,"cards_transformed":["Strike_R"],"player_choice":"Change","damage_taken":0,"max_hp_gain":0,"max_hp_loss":0,"event_name":"Living Wall","floor":4,"gold_loss":0,"cards_obtained":["Barricade"]},{"damage_healed":0,"gold_gain":50,"player_choice":"Touch","damage_taken":7,"max_hp_gain":0,"max_hp_loss":0,"event_name":"FaceTrader","floor":19,"gold_loss":0}],"is_beta":false,"boss_relics":[{"not_picked":["Sozu","Fusion Hammer"],"picked":"Eternal Feather"}],"items_purged_floors":[13],"is_endless":false,"potions_floor_spawned":[1,3,12,14,18],"killed_by":"Snake Plant","ascension_level":20}