{"gold_per_floor":[114,264,264,264,276,302,10,39,39,39,57,83,83,97,97,169,169,181,49,62,62,62,62,73,108,108,108,108,108],"floor_reached":29,"playtime":665,"items_purged":["Doubt"],"score":568,"play_id":"4dcb2e3b-2e32-4a61-b37b-c2eadf37ade4","local_time":"20190628002336","is_ascension_mode":true,"campfire_choices":[{"floor":10.0,"key":"REST"},{"data":"Consume","floor":13.0,"key":"SMITH"},{"data":"Static Discharge","floor":15.0,"key":"SMITH"},{"data":"Capacitor","floor":23.0,"key":"SMITH"},{"floor":27.0,"key":"REST"}],"neow_cost":"NONE","seed_source_timestamp":80275976067600,"circlet_count":0,"master_deck":["AscendersBane","Strike_B","Strike_B","Strike_B","Strike_B","Defend_B","Defend_B","Defend_B","Defend_B","Zap","Dualcast","Compile Driver","FTL","Consume+1","Capacitor+1","Static Discharge+1","Turbo","Electrodynamics","Bandage Up","Go for the Eyes","White Noise","Glacier"],"special_seed":0,"relics":["FrozenCore","NeowsBlessing","Du-Vu Doll","Pantograph","Bag of Preparation","Ornamental Fan","Gremlin Horn","Dodecahedron"],"potions_floor_usage":[29,29],"damage_taken":[{"damage":0.0,"enemies":"Jaw Worm","floor":1.0,"turns":1.0},{"damage":0.0,"enemies":"Small Slimes","floor":5.0,"turns":1.0},{"damage":0.0,"enemies":"Gremlin Nob","floor":6.0,"turns":1.0},{"damage":40.0,"enemies":"3 Sentries","floor":8.0,"turns":6.0},{"damage":1.0,"enemies":"Cultist","floor":11.0,"turns":3.0},{"damage":8.0,"enemies":"Gremlin Nob","floor":12.0,"turns":3.0},{"damage":2.0,"enemies":"3 Louse","floor":14.0,"turns":3.0},{"damage":50.0,"enemies":"Hexaghost","floor":16.0,"turns":7.0},{"damage":10.0,"enemies":"2 Thieves","floor":18.0,"turns":3.0},{"damage":16.0,"enemies":"Spheric Guardian","floor":20.0,"turns":4.0},{"damage":4.0,"enemies":"Chosen and Byrds","floor":24.0,"turns":5.0},{"damage":12.0,"enemies":"Book of Stabbing","floor":25.0,"turns":5.0},{"damage":33,"enemies":"Slavers","floor":29,"turns":2}],"seed_played":"-5474959645352479605","potions_obtained":[{"floor":1.0,"key":"SkillPotion"},{"floor":12.0,"key":"PowerPotion"},{"floor":14.0,"key":"SkillPotion"},{"floor":16.0,"key":"EntropicBrew"},{"floor":24.0,"key":"PowerPotion"},{"floor":25.0,"key":"Strength Potion"}],"is_trial":false,"path_per_floor":["M","?","?","?","M","E","$","E","T","R","M","E","R","M","R","B",null,"M","$","M","?","?","R","M","E","T","R","?","E"],"character_chosen":"DEFECT","items_purchased":["Consume","Capacitor","PowerPotion","Bandage Up","Go for the Eyes"],"campfire_rested":2,"item_purchase_floors":[7,7,7,19,19],"current_hp_per_floor":[64,64,69,69,69,69,69,29,29,51,50,42,42,40,40,15,61,51,51,39,39,39,39,39,31,31,53,31,0],"gold":108,"neow_bonus":"THREE_ENEMY_KILL","is_prod":false,"is_daily":false,"chose_seed":false,"campfire_upgraded":3,"win_rate":0,"timestamp":1561649016,"path_taken":["M","?","?","?","M","E","$","E","T","R","?","E","R","M","R","BOSS","M","$","M","?","?","R","M","E","T","R","?","E"],"build_version":"2019-01-23","purchased_purges":1,"victory":false,"max_hp_per_floor":[71,71,76,76,76,76,76,76,76,76,76,76,76,76,76,76,76,76,76,76,76,76,76,76,76,76,76,81,81],"card_choices":[{"not_picked":["Genetic Algorithm","Beam Cell","Redo"],"picked":"SKIP","floor":1.0},{"not_picked":["Go for the Eyes","Steam"],"picked":"Compile Driver","floor":5.0},{"not_picked":["Tempest","Heatsinks"],"picked":"FTL","floor":6.0},{"not_picked":["Streamline","Gash"],"picked":"Static Discharge","floor":8.0},{"not_picked":["Sweeping Beam","Hello World"],"picked":"Turbo","floor":11.0},{"not_picked":["Rebound","Beam Cell","All For One"],"picked":"SKIP","floor":12.0},{"not_picked":["Conserve Battery","Steam","Redo"],"picked":"SKIP","floor":14.0},{"not_picked":["Creative AI","Machine Learning"],"picked":"Electrodynamics","floor":16.0},{"not_picked":["Storm","Static Discharge","Leap"],"picked":"SKIP","floor":18.0},{"not_picked":["Rip and Tear","Streamline+1"],"picked":"White Noise","floor":20.0},{"not_picked":["Force Field","Conserve Battery"],"picked":"Glacier","floor":24.0},{"not_picked":["Fusion","Sweeping Beam","Gash"],"picked":"SKIP","floor":25.0}],"player_experience":852269,"relics_obtained":[{"floor":6.0,"key":"Pantograph"},{"floor":8.0,"key":"Bag of Preparation"},{"floor":12.0,"key":"Ornamental Fan"},{"floor":25.0,"key":"Gremlin Horn"},{"floor":26.0,"key":"Dodecahedron"}],"event_choices":[{"damage_healed":0.0,"max_hp_gain":0.0,"max_hp_loss":0.0,"gold_gain":150.0,"event_name":"Liars Game","player_choice":"AGREE","floor":2.0,"gold_loss":0.0,"damage_taken":0.0,"cards_obtained":["Doubt"]},{"damage_healed":0.0,"max_hp_gain":5.0,"max_hp_loss":0.0,"gold_gain":0.0,"event_name":"Big Fish","player_choice":"Donut","floor":3.0,"gold_loss":0.0,"damage_taken":0.0},{"damage_healed":0.0,"max_hp_gain":0.0,"max_hp_loss":0.0,"gold_gain":0.0,"event_name":"WeMeetAgain","player_choice":"Gave Potion","floor":4.0,"gold_loss":0.0,"damage_taken":0.0,"relics_obtained":["Du-Vu Doll"]},{"damage_healed":0.0,"max_hp_gain":0.0,"max_hp_loss":0.0,"gold_gain":0.0,"event_name":"Beggar","player_choice":"Ignored","floor":22.0,"gold_loss":0.0,"damage_taken":0.0},{"damage_healed":0.0,"max_hp_gain":5.0,"max_hp_loss":0.0,"gold_gain":0.0,"event_name":"Forgotten Altar","player_choice":"Shed Blood","floor":28.0,"gold_loss":0.0,"damage_taken":27.0}],"is_beta":false,"boss_relics":[{"not_picked":["Ectoplasm","White Beast Statue"],"picked":"FrozenCore"}],"items_purged_floors":[7],"is_endless":false,"potions_floor_spawned":[1,12,14,16,24,25],"killed_by":"Slavers","ascension_level":20}