{"gold_per_floor":[15,32,32,32,47,47,76,76,76,16,34,68,89,99,99,99],"floor_reached":16,"playtime":456,"items_purged":["Strike_R"],"score":220,"play_id":"39e07017-c2c6-4fc5-9ec1-ed7c73201f96","local_time":"20190730192251","is_ascension_mode":true,"campfire_choices":[{"data":"Whirlwind","floor":6,"key":"SMITH"},{"data":"Bash","floor":8,"key":"SMITH"},{"data":"Second Wind","floor":15,"key":"SMITH"}],"neow_cost":"NO_GOLD","seed_source_timestamp":964584286089800,"circlet_count":0,"master_deck":["AscendersBane","Strike_R","Defend_R","Defend_R","Defend_R","Defend_R","Bash+1","Second Wind+1","Spot Weakness","Rage","Whirlwind+1","Dual Wield","Power Through"],"relics":["Burning Blood","Sundial","The Courier","Oddly Smooth Stone","Odd Mushroom"],"potions_floor_usage":[16],"damage_taken":[{"damage":14,"enemies":"Small Slimes","floor":1,"turns":6},{"damage":0,"enemies":"2 Louse","floor":2,"turns":4},{"damage":4,"enemies":"Jaw Worm","floor":5,"turns":6},{"damage":31,"enemies":"Gremlin Nob","floor":7,"turns":4},{"damage":0,"enemies":"Large Slime","floor":11,"turns":4},{"damage":16,"enemies":"Lagavulin","floor":12,"turns":9},{"damage":0,"enemies":"The Mushroom Lair","floor":13,"turns":4},{"damage":22,"enemies":"Exordium Wildlife","floor":14,"turns":5},{"damage":56,"enemies":"Slime Boss","floor":16,"turns":6}],"seed_played":"-7810863835851830270","potions_obtained":[{"floor":1,"key":"SpeedPotion"},{"floor":11,"key":"Ancient Potion"},{"floor":12,"key":"BloodPotion"}],"is_trial":false,"path_per_floor":["M","M","?","?","M","R","E","R","T","$","M","E","?","M","R","B"],"character_chosen":"IRONCLAD","items_purchased":[],"campfire_rested":0,"item_purchase_floors":[],"current_hp_per_floor":[60,66,66,66,68,68,43,43,43,43,49,39,45,29,29,0],"gold":99,"neow_bonus":"REMOVE_TWO","is_prod":false,"is_daily":false,"chose_seed":false,"campfire_upgraded":3,"win_rate":0,"timestamp":1564482171,"path_taken":["M","M","?","?","M","R","E","R","T","?","M","E","?","?","R","BOSS"],"build_version":"2019-07-17","purchased_purges":1,"victory":false,"max_hp_per_floor":[75,75,75,75,75,75,75,75,75,75,75,75,75,75,75,75],"card_choices":[{"not_picked":["Metallicize","Sword Boomerang"],"picked":"Second Wind","floor":1},{"not_picked":["Havoc","Heavy Blade"],"picked":"Spot Weakness","floor":2},{"not_picked":["Hemokinesis","Twin Strike"],"picked":"Whirlwind","floor":5},{"not_picked":["Infernal Blade","Spot Weakness"],"picked":"Dual Wield","floor":7},{"not_picked":["Flame Barrier","Iron Wave"],"picked":"Power Through","floor":11},{"not_picked":["Flex","Warcry","Armaments"],"picked":"SKIP","floor":12},{"not_picked":["Havoc","Rupture","Seeing Red"],"picked":"SKIP","floor":14}],"player_experience":1306457,"relics_obtained":[{"floor":7,"key":"Sundial"},{"floor":9,"key":"The Courier"},{"floor":12,"key":"Oddly Smooth Stone"},{"floor":13,"key":"Odd Mushroom"}],"event_choices":[{"damage_healed":0,"gold_gain":0,"cards_transformed":["Strike_R"],"player_choice":"Change","damage_taken":0,"max_hp_gain":0,"max_hp_loss":0,"event_name":"Living Wall","floor":3,"gold_loss":0,"cards_obtained":["Rage"]},{"damage_healed":0,"gold_gain":0,"player_choice":"Ignored","damage_taken":0,"max_hp_gain":0,"max_hp_loss":0,"event_name":"Liars Game","floor":4,"gold_loss":0},{"damage_healed":0,"gold_gain":0,"player_choice":"Fought Mushrooms","damage_taken":0,"max_hp_gain":0,"max_hp_loss":0,"event_name":"Mushrooms","floor":13,"gold_loss":0}],"is_beta":false,"boss_relics":[],"items_purged_floors":[10],"is_endless":false,"potions_floor_spawned":[1,11,12],"killed_by":"Slime Boss","ascension_level":20}