{"gold_per_floor":[116,116,133,133,148,177,193,193,220,232,264,276],"floor_reached":12,"playtime":225,"items_purged":[],"score":160,"play_id":"9b7e4dfe-32d7-43fb-9836-081a2bfb57b9","local_time":"20190610224803","is_ascension_mode":true,"campfire_choices":[{"data":"Armaments","floor":8,"key":"SMITH"},{"data":"Bash","floor":10,"key":"SMITH"}],"neow_cost":"NONE","seed_source_timestamp":205281029543700,"circlet_count":0,"master_deck":["AscendersBane","Strike_R","Strike_R","Strike_R","Strike_R","Strike_R","Defend_R","Defend_R","Defend_R","Defend_R","Bash+1","Evolve","Regret","Sword Boomerang","Armaments+1","Twin Strike","Corruption"],"relics":["Burning Blood","NeowsBlessing","Regal Pillow","Blue Candle","Dream Catcher","MawBank"],"potions_floor_usage":[6,6,7],"damage_taken":[{"damage":0,"enemies":"2 Louse","floor":1,"turns":1},{"damage":0,"enemies":"Jaw Worm","floor":3,"turns":1},{"damage":0,"enemies":"Small Slimes","floor":5,"turns":1},{"damage":41,"enemies":"Lagavulin","floor":6,"turns":6},{"damage":27,"enemies":"Blue Slaver","floor":7,"turns":6},{"damage":4,"enemies":"2 Fungi Beasts","floor":11,"turns":4},{"damage":31,"enemies":"3 Sentries","floor":12,"turns":5}],"seed_played":"-5740862107789853929","potions_obtained":[{"floor":3,"key":"Energy Potion"},{"floor":5,"key":"SteroidPotion"},{"floor":6,"key":"Regen Potion"}],"is_trial":false,"path_per_floor":["M","?","M","T","M","E","M","R","T","R","M","E"],"character_chosen":"IRONCLAD","items_purchased":[],"campfire_rested":0,"item_purchase_floors":[],"current_hp_per_floor":[74,74,75,75,75,40,34,34,34,34,36,5],"gold":276,"neow_bonus":"THREE_ENEMY_KILL","is_prod":false,"is_daily":false,"chose_seed":false,"campfire_upgraded":2,"win_rate":0,"timestamp":1560174483,"path_taken":["M","?","M","?","M","E","M","R","T","R","M","E"],"build_version":"2019-01-23","purchased_purges":0,"victory":false,"max_hp_per_floor":[75,75,75,75,75,75,75,75,75,75,75,75],"card_choices":[{"not_picked":["Clash","Body Slam"],"picked":"Evolve","floor":1},{"not_picked":["Rupture","Clothesline","Wild Strike"],"picked":"SKIP","floor":3},{"not_picked":["Hemokinesis","Perfected Strike"],"picked":"Sword Boomerang","floor":5},{"not_picked":["Metallicize","Warcry"],"picked":"Armaments","floor":6},{"not_picked":["Sever Soul","Dual Wield"],"picked":"Twin Strike","floor":7},{"not_picked":["Dual Wield","Sword Boomerang"],"picked":"Corruption","floor":11}],"player_experience":569061,"relics_obtained":[{"floor":4,"key":"Blue Candle"},{"floor":6,"key":"Dream Catcher"},{"floor":9,"key":"MawBank"}],"event_choices":[{"damage_healed":0,"gold_gain":0,"player_choice":"Box","damage_taken":0,"relics_obtained":["Regal Pillow"],"max_hp_gain":0,"max_hp_loss":0,"event_name":"Big Fish","floor":2,"gold_loss":0,"cards_obtained":["Regret"]}],"is_beta":false,"boss_relics":[],"items_purged_floors":[],"is_endless":false,"potions_floor_spawned":[3,5,6],"killed_by":"3 Sentries","ascension_level":20}