{"gold_per_floor":[117,134,134,148,162,195,207,234,246,258,298,310,339,381,393,405],"floor_reached":16,"playtime":789,"items_purged":[],"score":202,"play_id":"9678fc5c-72c0-42e8-96f6-2f93b91b82cd","local_time":"20190515141150","is_ascension_mode":true,"campfire_choices":[{"data":"Predator","floor":12,"key":"SMITH"},{"data":"Neutralize","floor":15,"key":"SMITH"}],"neow_cost":"TEN_PERCENT_HP_LOSS","seed_source_timestamp":271152509834570,"circlet_count":0,"master_deck":["AscendersBane","Defend_G","Defend_G","Defend_G+1","Defend_G+1","Defend_G","Strike_G","Strike_G","Strike_G","Strike_G","Strike_G","Survivor","Neutralize+1","Die Die Die","Predator+1","Dagger Throw","Escape Plan","Backflip"],"relics":["Ring of the Snake","CultistMask","MawBank","War Paint","Anchor","Odd Mushroom"],"potions_floor_usage":[5,6,11],"damage_taken":[{"damage":0,"enemies":"Small Slimes","floor":1,"turns":3},{"damage":0,"enemies":"Cultist","floor":2,"turns":3},{"damage":0,"enemies":"2 Louse","floor":4,"turns":2},{"damage":3,"enemies":"Blue Slaver","floor":5,"turns":3},{"damage":2,"enemies":"Gremlin Nob","floor":6,"turns":4},{"damage":0,"enemies":"2 Fungi Beasts","floor":8,"turns":2},{"damage":30,"enemies":"Lagavulin","floor":11,"turns":9},{"damage":1,"enemies":"Red Slaver","floor":13,"turns":2},{"damage":0,"enemies":"The Mushroom Lair","floor":14,"turns":3},{"damage":23,"enemies":"Hexaghost","floor":16,"turns":10}],"seed_played":"8540263845856513063","potions_obtained":[{"floor":1,"key":"FearPotion"},{"floor":4,"key":"PowerPotion"},{"floor":6,"key":"Fire Potion"}],"is_trial":false,"path_per_floor":["M","M","?","M","M","E","$","M","T","$","E","R","M","?","R","B"],"character_chosen":"THE_SILENT","items_purchased":[],"campfire_rested":0,"item_purchase_floors":[],"current_hp_per_floor":[59,59,59,59,56,54,54,54,54,54,24,24,23,23,23,0],"gold":405,"neow_bonus":"THREE_RARE_CARDS","is_prod":false,"is_daily":false,"chose_seed":false,"campfire_upgraded":2,"win_rate":0,"timestamp":1557922310,"path_taken":["M","M","?","M","M","E","?","M","T","$","E","R","M","?","R","BOSS"],"build_version":"2019-01-23","purchased_purges":0,"victory":false,"max_hp_per_floor":[60,60,60,60,60,60,60,60,60,60,60,60,60,60,60,60],"card_choices":[{"not_picked":["Phantasmal Killer","Doppelganger"],"picked":"Die Die Die","floor":0},{"not_picked":["Blur","Backflip","Masterful Stab"],"picked":"SKIP","floor":1},{"not_picked":["Finisher","All Out Attack"],"picked":"Predator","floor":2},{"not_picked":["Cloak And Dagger","Predator"],"picked":"Dagger Throw","floor":8},{"not_picked":["Envenom","Underhanded Strike"],"picked":"Escape Plan","floor":11},{"not_picked":["Riddle With Holes","Outmaneuver"],"picked":"Backflip","floor":13}],"player_experience":895470,"relics_obtained":[{"floor":6,"key":"MawBank"},{"floor":9,"key":"War Paint"},{"floor":11,"key":"Anchor"},{"floor":14,"key":"Odd Mushroom"}],"event_choices":[{"damage_healed":0,"gold_gain":0,"player_choice":"Trade","damage_taken":0,"relics_obtained":["CultistMask"],"max_hp_gain":0,"max_hp_loss":0,"event_name":"FaceTrader","floor":3,"gold_loss":0},{"damage_healed":0,"gold_gain":0,"player_choice":"Fought Mushrooms","damage_taken":0,"max_hp_gain":0,"max_hp_loss":0,"event_name":"Mushrooms","floor":14,"gold_loss":0}],"is_beta":false,"boss_relics":[],"items_purged_floors":[],"is_endless":false,"potions_floor_spawned":[1,4,6],"killed_by":"Hexaghost","ascension_level":16}