{"gold_per_floor":[367,385,401,401,401,401,48,99,99,158,158,221,289,319,319,319],"floor_reached":16,"playtime":453,"items_purged":[],"score":200,"play_id":"bd5820b5-f88c-4c4e-9de9-a6ea0b701d46","local_time":"20190724190533","is_ascension_mode":true,"campfire_choices":[{"floor":6.0,"key":"REST"},{"floor":11,"key":"REST"},{"floor":15,"key":"REST"}],"neow_cost":"TEN_PERCENT_HP_LOSS","seed_source_timestamp":445103422802400,"circlet_count":0,"master_deck":["AscendersBane","Strike_G","Strike_G","Strike_G","Strike_G","Strike_G","Defend_G","Defend_G","Defend_G","Defend_G","Defend_G","Survivor","Neutralize","Footwork","Dagger Spray","Backflip","Injury","HandOfGreed","PiercingWail","Caltrops"],"special_seed":0,"relics":["Ring of the Snake","Shuriken","Golden Idol","Snake Skull","Bronze Scales","Art of War","Toxic Egg 2"],"potions_floor_usage":[8,16],"damage_taken":[{"damage":3.0,"enemies":"2 Louse","floor":1.0,"turns":6.0},{"damage":1.0,"enemies":"Small Slimes","floor":2.0,"turns":4.0},{"damage":10.0,"enemies":"Jaw Worm","floor":3.0,"turns":9.0},{"damage":32,"enemies":"Lagavulin","floor":8,"turns":12},{"damage":1,"enemies":"2 Fungi Beasts","floor":10,"turns":4},{"damage":21,"enemies":"Exordium Thugs","floor":12,"turns":6},{"damage":24,"enemies":"Hexaghost","floor":16,"turns":10}],"seed_played":"-6717113930946588861","potions_obtained":[{"floor":2.0,"key":"Block Potion"},{"floor":10,"key":"Ancient Potion"},{"floor":12,"key":"Weak Potion"}],"is_trial":false,"path_per_floor":["M","M","M","?","?","R","$","E","T","M","R","M","?","?","R","B"],"character_chosen":"THE_SILENT","items_purchased":["HandOfGreed","Snake Skull"],"campfire_rested":3,"item_purchase_floors":[7,7],"current_hp_per_floor":[56,55,45,19,19,37,37,5,5,4,22,1,1,1,19,0],"gold":319,"neow_bonus":"TWO_FIFTY_GOLD","is_prod":false,"is_daily":false,"chose_seed":false,"campfire_upgraded":0,"win_rate":0,"timestamp":1563962733,"path_taken":["M","M","M","?","?","R","$","E","T","M","R","M","?","?","R","BOSS"],"build_version":"2019-07-17","purchased_purges":0,"victory":false,"max_hp_per_floor":[60,60,60,60,60,60,60,60,60,60,60,60,60,60,60,60],"card_choices":[{"not_picked":["Dagger Spray","Dash"],"picked":"Footwork","floor":1.0},{"not_picked":["Crippling Poison","Deflect"],"picked":"Dagger Spray","floor":2.0},{"not_picked":["Sucker Punch","Acrobatics"],"picked":"Backflip","floor":3.0},{"not_picked":["Outmaneuver","Bane"],"picked":"PiercingWail","floor":8},{"not_picked":["Caltrops","Riddle With Holes","Blade Dance"],"picked":"SKIP","floor":10},{"not_picked":["Riddle With Holes","Blade Dance"],"picked":"Caltrops","floor":10},{"not_picked":["Prepared","Acrobatics","Slice"],"picked":"SKIP","floor":12}],"player_experience":1181911,"relics_obtained":[{"floor":8,"key":"Bronze Scales"},{"floor":9,"key":"Art of War"}],"event_choices":[{"damage_healed":0.0,"max_hp_gain":0.0,"max_hp_loss":0.0,"gold_gain":0.0,"event_name":"Scrap Ooze","player_choice":"Success","floor":4.0,"gold_loss":0.0,"damage_taken":26.0,"relics_obtained":["Shuriken"]},{"damage_healed":0.0,"max_hp_gain":0.0,"max_hp_loss":0.0,"gold_gain":0.0,"event_name":"Golden Idol","player_choice":"Take Wound","floor":5.0,"gold_loss":0.0,"damage_taken":0.0,"relics_obtained":["Golden Idol"],"cards_obtained":["Injury"]},{"damage_healed":0,"gold_gain":68,"player_choice":"Gained Gold","damage_taken":0,"max_hp_gain":0,"max_hp_loss":0,"event_name":"Golden Wing","floor":13,"gold_loss":0},{"damage_healed":0,"gold_gain":30,"player_choice":"Searched \u00272\u0027 times","damage_taken":0,"relics_obtained":["Toxic Egg 2"],"max_hp_gain":0,"max_hp_loss":0,"event_name":"Dead Adventurer","floor":14,"gold_loss":0}],"is_beta":false,"boss_relics":[],"items_purged_floors":[],"is_endless":false,"potions_floor_spawned":[2,10,12],"killed_by":"Hexaghost","ascension_level":20}