{"gold_per_floor":[117,134,134,6,6,6,37,65,88,88],"floor_reached":10,"playtime":167,"items_purged":[],"score":178,"play_id":"d7b2bc6d-d1ac-47b4-9682-c3152e75636d","local_time":"20190715154918","is_ascension_mode":true,"campfire_choices":[{"data":"Noxious Fumes","floor":6,"key":"SMITH"}],"neow_cost":"NONE","seed_source_timestamp":223862849115400,"circlet_count":0,"master_deck":["AscendersBane","Strike_G","Strike_G","Strike_G","Strike_G","Defend_G","Defend_G","Defend_G","Defend_G","Defend_G","Survivor","Neutralize","Catalyst","Noxious Fumes+1","Blur","Bane"],"relics":["Ring of the Snake","NeowsBlessing","Dream Catcher","Bronze Scales","Odd Mushroom","Regal Pillow"],"potions_floor_usage":[7,8],"damage_taken":[{"damage":0,"enemies":"Cultist","floor":1,"turns":1},{"damage":0,"enemies":"2 Louse","floor":2,"turns":1},{"damage":0,"enemies":"3 Sentries","floor":7,"turns":3},{"damage":18,"enemies":"The Mushroom Lair","floor":8,"turns":5},{"damage":0,"enemies":"Gremlin Nob","floor":10,"turns":2}],"seed_played":"8658909258019931191","potions_obtained":[{"floor":2,"key":"Swift Potion"},{"floor":7,"key":"Fruit Juice"}],"is_trial":false,"path_per_floor":["M","M","?","$","?","R","E","?","T","E"],"character_chosen":"THE_SILENT","items_purchased":["Noxious Fumes","Blur"],"campfire_rested":0,"item_purchase_floors":[4,4],"current_hp_per_floor":[59,59,52,52,26,26,31,13,13,13],"gold":88,"neow_bonus":"THREE_ENEMY_KILL","is_prod":false,"is_daily":false,"chose_seed":false,"campfire_upgraded":1,"win_rate":0,"timestamp":1563173358,"path_taken":["M","M","?","$","?","R","E","?","T","E"],"build_version":"2019-07-05","purchased_purges":0,"victory":false,"max_hp_per_floor":[66,66,66,66,66,66,71,71,71,71],"card_choices":[{"not_picked":["Bane","Slice"],"picked":"Catalyst","floor":1},{"not_picked":["PiercingWail","Finisher","Prepared"],"picked":"SKIP","floor":2},{"not_picked":["Underhanded Strike","Sucker Punch","Acrobatics"],"picked":"SKIP","floor":7},{"not_picked":["Underhanded Strike","Sucker Punch","Acrobatics"],"picked":"SKIP","floor":7},{"not_picked":["Prepared","Endless Agony"],"picked":"Bane","floor":8}],"player_experience":1038457,"relics_obtained":[{"floor":7,"key":"Bronze Scales"},{"floor":8,"key":"Odd Mushroom"},{"floor":9,"key":"Regal Pillow"}],"event_choices":[{"cards_removed":["Strike_G"],"damage_healed":0,"gold_gain":0,"player_choice":"Card Removal","damage_taken":7,"max_hp_gain":0,"max_hp_loss":0,"event_name":"Golden Wing","floor":3,"gold_loss":0},{"damage_healed":0,"gold_gain":0,"player_choice":"Success","damage_taken":26,"relics_obtained":["Dream Catcher"],"max_hp_gain":0,"max_hp_loss":0,"event_name":"Scrap Ooze","floor":5,"gold_loss":0},{"damage_healed":0,"gold_gain":0,"player_choice":"Fought Mushrooms","damage_taken":0,"max_hp_gain":0,"max_hp_loss":0,"event_name":"Mushrooms","floor":8,"gold_loss":0}],"is_beta":false,"boss_relics":[],"items_purged_floors":[],"is_endless":false,"potions_floor_spawned":[2,7],"killed_by":"Gremlin Nob","ascension_level":20}