{"gold_per_floor":[112,112,112,187,0,27,27,60,84,84,108,32,75,95,95,218,218,243,263,263,233,233],"floor_reached":22,"playtime":865,"items_purged":[],"score":488,"play_id":"d30b61d0-075d-4f78-b0e3-8bd9f754a0ee","local_time":"20190626183104","is_ascension_mode":true,"campfire_choices":[{"floor":10,"key":"REST"},{"floor":15,"key":"REST"}],"neow_cost":"NONE","seed_source_timestamp":1121915565721331,"circlet_count":0,"master_deck":["AscendersBane","Defend_G","Defend_G","Defend_G","Defend_G","Defend_G","Strike_G+1","Strike_G","Strike_G","Strike_G+1","Strike_G","Survivor","Neutralize","Tactician+1","Dagger Throw","Deep Breath","Adrenaline","Injury","Backflip","All Out Attack","Masterful Stab","Underhanded Strike","Adrenaline","Injury","Regret","Pain","Calculated Gamble","Heel Hook+1"],"relics":["Ring of the Snake","NeowsBlessing","Letter Opener","Golden Idol","Matryoshka","Whetstone","Bag of Marbles","Ancient Tea Set","Calling Bell","Dream Catcher","Molten Egg 2","Peace Pipe"],"potions_floor_usage":[13,13,19,22,22,22],"damage_taken":[{"damage":0,"enemies":"Small Slimes","floor":1,"turns":1},{"damage":0,"enemies":"3 Sentries","floor":6,"turns":2},{"damage":0,"enemies":"Gremlin Nob","floor":8,"turns":1},{"damage":0,"enemies":"2 Louse","floor":11,"turns":1},{"damage":31,"enemies":"Lagavulin","floor":13,"turns":6},{"damage":0,"enemies":"Jaw Worm","floor":14,"turns":3},{"damage":46,"enemies":"Slime Boss","floor":16,"turns":12},{"damage":42,"enemies":"Shell Parasite","floor":18,"turns":7},{"damage":12,"enemies":"Chosen","floor":19,"turns":4},{"damage":2,"enemies":"Centurion and Healer","floor":22,"turns":2}],"seed_played":"-7158126453590643548","potions_obtained":[{"floor":6,"key":"SkillPotion"},{"floor":16,"key":"Strength Potion"},{"floor":19,"key":"SpeedPotion"},{"floor":21,"key":"EntropicBrew"},{"floor":21,"key":"Dexterity Potion"}],"is_trial":false,"path_per_floor":["M","?","?","?","$","E","?","E","T","R","M","$","E","M","R","B",null,"M","M","?","?","M"],"character_chosen":"THE_SILENT","items_purchased":["Dagger Throw","Deep Breath","Explosive Potion","All Out Attack"],"campfire_rested":2,"item_purchase_floors":[5,5,5,12],"current_hp_per_floor":[63,63,63,52,52,52,52,52,52,70,70,70,39,39,60,14,56,14,2,2,2,0],"gold":233,"neow_bonus":"THREE_ENEMY_KILL","is_prod":false,"is_daily":false,"chose_seed":false,"campfire_upgraded":0,"win_rate":0,"timestamp":1561563064,"path_taken":["M","?","?","?","$","E","?","E","T","R","M","$","E","M","R","BOSS","M","M","?","?","?"],"build_version":"2019-01-23","purchased_purges":0,"victory":false,"max_hp_per_floor":[70,70,70,70,70,70,70,70,70,70,70,70,70,70,70,70,70,70,70,70,70,70],"card_choices":[{"not_picked":["Outmaneuver","Flechettes"],"picked":"Tactician","floor":1},{"not_picked":["Deadly Poison","Cloak And Dagger"],"picked":"Adrenaline","floor":6},{"not_picked":["Poisoned Stab","Bane"],"picked":"Backflip","floor":8},{"not_picked":["Dodge and Roll","Corpse Explosion","Crippling Poison"],"picked":"SKIP","floor":11},{"not_picked":["Leg Sweep","Heel Hook"],"picked":"Masterful Stab","floor":13},{"not_picked":["Flying Knee","Poisoned Stab"],"picked":"Underhanded Strike","floor":14},{"not_picked":["Burst","Die Die Die"],"picked":"Adrenaline","floor":16},{"not_picked":["Dodge and Roll","Leg Sweep"],"picked":"Calculated Gamble","floor":18},{"not_picked":["Slice+1","Blade Dance"],"picked":"Heel Hook+1","floor":19}],"player_experience":1585436,"relics_obtained":[{"floor":6,"key":"Letter Opener"},{"floor":8,"key":"Matryoshka"},{"floor":9,"key":"Whetstone"},{"floor":9,"key":"Bag of Marbles"},{"floor":13,"key":"Ancient Tea Set"},{"floor":17,"key":"Dream Catcher"},{"floor":17,"key":"Molten Egg 2"},{"floor":17,"key":"Peace Pipe"}],"event_choices":[{"damage_healed":0,"gold_gain":0,"player_choice":"Grow","damage_taken":0,"max_hp_gain":0,"max_hp_loss":0,"event_name":"Living Wall","floor":2,"gold_loss":0,"cards_upgraded":["Tactician"]},{"damage_healed":0,"gold_gain":0,"player_choice":"Leave","damage_taken":0,"max_hp_gain":0,"max_hp_loss":0,"event_name":"The Cleric","floor":3,"gold_loss":0},{"damage_healed":0,"gold_gain":75,"player_choice":"Gather Gold","damage_taken":11,"max_hp_gain":0,"max_hp_loss":0,"event_name":"World of Goop","floor":4,"gold_loss":0},{"damage_healed":0,"gold_gain":0,"player_choice":"Take Wound","damage_taken":0,"relics_obtained":["Golden Idol"],"max_hp_gain":0,"max_hp_loss":0,"event_name":"Golden Idol","floor":7,"gold_loss":0,"cards_obtained":["Injury"]},{"damage_healed":0,"gold_gain":0,"player_choice":"Ignored","damage_taken":0,"max_hp_gain":0,"max_hp_loss":0,"event_name":"Ghosts","floor":20,"gold_loss":0},{"damage_healed":0,"gold_gain":0,"player_choice":"Bought 2 Potions","damage_taken":0,"max_hp_gain":0,"max_hp_loss":0,"event_name":"The Woman in Blue","floor":21,"gold_loss":0}],"is_beta":false,"boss_relics":[{"not_picked":["Runic Dome","Empty Cage"],"picked":"Calling Bell"}],"items_purged_floors":[],"is_endless":false,"potions_floor_spawned":[6,8,16,19],"killed_by":"Centurion and Healer","ascension_level":11}