{"gold_per_floor":[110,178,196,208,222,222,256,84,84,109,124,187,205,219,219,295,295,310,310,324,341,341],"floor_reached":22,"playtime":1888,"items_purged":[],"score":400,"play_id":"c0137cbc-8cd4-41ef-b691-7cf17b4d80ab","local_time":"20190527125506","is_ascension_mode":true,"campfire_choices":[{"data":"Well Laid Plans","floor":6,"key":"SMITH"},{"data":"Terror","floor":15,"key":"SMITH"}],"neow_cost":"NONE","seed_source_timestamp":407364347712479,"circlet_count":0,"master_deck":["AscendersBane","Defend_G","Defend_G","Defend_G","Defend_G","Defend_G","Strike_G","Strike_G","Strike_G","Strike_G","Strike_G","Survivor","Neutralize","Well Laid Plans+1","Backstab","Quick Slash","Backstab","Dagger Throw","Leg Sweep","Grand Finale","Poisoned Stab","Terror+1","After Image","Dagger Throw","After Image","Quick Slash","Escape Plan"],"relics":["Orrery","Pantograph","PreservedInsect","Tingsha","Tough Bandages","Orichalcum","Cursed Key"],"potions_floor_usage":[16,16,20,21],"damage_taken":[{"damage":1,"enemies":"2 Louse","floor":1,"turns":2},{"damage":7,"enemies":"Jaw Worm","floor":3,"turns":4},{"damage":0,"enemies":"Cultist","floor":4,"turns":3},{"damage":0,"enemies":"Blue Slaver","floor":5,"turns":3},{"damage":6,"enemies":"3 Sentries","floor":7,"turns":4},{"damage":10,"enemies":"Lagavulin","floor":10,"turns":4},{"damage":0,"enemies":"2 Fungi Beasts","floor":11,"turns":2},{"damage":0,"enemies":"Gremlin Nob","floor":12,"turns":3},{"damage":1,"enemies":"Red Slaver","floor":13,"turns":2},{"damage":2,"enemies":"Looter","floor":14,"turns":3},{"damage":18,"enemies":"Hexaghost","floor":16,"turns":12},{"damage":8,"enemies":"Spheric Guardian","floor":18,"turns":5},{"damage":21,"enemies":"3 Byrds","floor":20,"turns":9},{"damage":11,"enemies":"Cultist and Chosen","floor":21,"turns":6},{"damage":9,"enemies":"Snake Plant","floor":22,"turns":3}],"seed_played":"3340065546896604313","potions_obtained":[{"floor":4,"key":"Poison Potion"},{"floor":10,"key":"Weak Potion"},{"floor":12,"key":"Regen Potion"},{"floor":19,"key":"SneckoOil"},{"floor":19,"key":"FearPotion"}],"is_trial":false,"path_per_floor":["M","?","M","M","M","R","E","$","T","E","M","?","M","M","R","B",null,"M","?","M","M","M"],"character_chosen":"THE_SILENT","items_purchased":["PreservedInsect"],"campfire_rested":0,"item_purchase_floors":[8],"current_hp_per_floor":[58,58,51,51,51,51,45,45,45,35,35,35,34,32,32,53,63,55,55,34,23,14],"gold":341,"neow_bonus":"BOSS_RELIC","is_prod":false,"is_daily":false,"chose_seed":false,"campfire_upgraded":2,"win_rate":0,"timestamp":1558954506,"path_taken":["M","?","M","M","M","R","E","$","T","E","M","?","M","M","R","BOSS","M","?","M","?","M"],"build_version":"2019-01-23","purchased_purges":0,"victory":false,"max_hp_per_floor":[66,66,66,66,66,66,66,66,66,66,66,66,66,66,66,66,66,66,66,66,66,66],"card_choices":[{"not_picked":["Slice","Infinite Blades"],"picked":"Well Laid Plans","floor":0},{"not_picked":["Blade Dance","Accuracy"],"picked":"Backstab","floor":0},{"not_picked":["Backflip","Setup"],"picked":"Quick Slash","floor":0},{"not_picked":["Footwork","PiercingWail"],"picked":"Backstab","floor":0},{"not_picked":["Bane","Quick Slash"],"picked":"Dagger Throw","floor":1},{"not_picked":["Deflect","Outmaneuver"],"picked":"Leg Sweep","floor":4},{"not_picked":["Distraction","Deadly Poison"],"picked":"Grand Finale","floor":5},{"not_picked":["Endless Agony","Slice"],"picked":"Poisoned Stab","floor":7},{"not_picked":["Bane","Sucker Punch","Deadly Poison"],"picked":"SKIP","floor":11},{"not_picked":["Predator","Cloak And Dagger"],"picked":"Terror","floor":12},{"not_picked":["Quick Slash","Outmaneuver"],"picked":"After Image","floor":13},{"not_picked":["Blade Dance","Choke"],"picked":"Dagger Throw","floor":14},{"not_picked":["Storm of Steel","Venomology"],"picked":"After Image","floor":16},{"not_picked":["Underhanded Strike","Cloak And Dagger"],"picked":"Quick Slash","floor":18},{"not_picked":["Deadly Poison","Distraction+1"],"picked":"Escape Plan","floor":20}],"player_experience":964858,"relics_obtained":[{"floor":7,"key":"Pantograph"},{"floor":9,"key":"Tingsha"},{"floor":10,"key":"Tough Bandages"},{"floor":12,"key":"Orichalcum"}],"event_choices":[{"damage_healed":0,"gold_gain":68,"player_choice":"Gained Gold","damage_taken":0,"max_hp_gain":0,"max_hp_loss":0,"event_name":"Golden Wing","floor":2,"gold_loss":0},{"damage_healed":0,"gold_gain":0,"player_choice":"Searched \u00271\u0027 times","damage_taken":0,"max_hp_gain":0,"max_hp_loss":0,"event_name":"Dead Adventurer","floor":12,"gold_loss":0},{"damage_healed":0,"gold_gain":0,"player_choice":"Got Potions","damage_taken":0,"max_hp_gain":0,"max_hp_loss":0,"event_name":"Lab","floor":19,"gold_loss":0}],"is_beta":false,"boss_relics":[{"not_picked":["Runic Dome","White Beast Statue"],"picked":"Cursed Key"}],"items_purged_floors":[],"is_endless":false,"potions_floor_spawned":[4,10,12,13,14],"killed_by":"Snake Plant","ascension_level":20}