{"gold_per_floor":[119,136,136,151,151,151,185,185,233,254,297,297,2,17,17,110,110,135,135,156,172,172,172],"floor_reached":23,"playtime":1392,"items_purged":[],"score":402,"play_id":"8f737812-c8e3-4259-b2bc-f3fd4304f912","local_time":"20190726015116","is_ascension_mode":true,"campfire_choices":[{"data":"Neutralize","floor":6,"key":"SMITH"},{"floor":8,"key":"REST"},{"data":"Well Laid Plans","floor":12,"key":"SMITH"},{"floor":15,"key":"REST"}],"neow_cost":"NONE","seed_source_timestamp":1297058785519122,"circlet_count":0,"master_deck":["AscendersBane","Strike_G","Strike_G","Strike_G","Strike_G","Strike_G","Defend_G","Defend_G","Defend_G","Defend_G","Defend_G","Survivor","Neutralize+1","Slice","Quick Slash","Dash","Well Laid Plans+1","Envenom","Leg Sweep","Poisoned Stab","Infinite Blades","A Thousand Cuts","Noxious Fumes","Acrobatics","Endless Agony"],"special_seed":0,"relics":["WristBlade","Golden Idol","Regal Pillow","Happy Flower","Snake Skull","Runic Dome","Toxic Egg 2"],"potions_floor_usage":[7,7,11,21,21],"damage_taken":[{"damage":10,"enemies":"Small Slimes","floor":1,"turns":5},{"damage":7,"enemies":"Jaw Worm","floor":2,"turns":4},{"damage":0,"enemies":"Cultist","floor":4,"turns":3},{"damage":10,"enemies":"3 Sentries","floor":7,"turns":7},{"damage":3,"enemies":"Exordium Thugs","floor":10,"turns":5},{"damage":22,"enemies":"Gremlin Nob","floor":11,"turns":5},{"damage":16,"enemies":"3 Louse","floor":14,"turns":5},{"damage":30,"enemies":"Slime Boss","floor":16,"turns":9},{"damage":12,"enemies":"3 Byrds","floor":18,"turns":5},{"damage":10,"enemies":"Shell Parasite","floor":20,"turns":7},{"damage":18,"enemies":"Centurion and Healer","floor":21,"turns":6},{"damage":33,"enemies":"Slavers","floor":23,"turns":3}],"seed_played":"8431973848109223924","potions_obtained":[{"floor":1,"key":"Explosive Potion"},{"floor":4,"key":"SteroidPotion"},{"floor":10,"key":"Weak Potion"},{"floor":16,"key":"SteroidPotion"},{"floor":20,"key":"GamblersBrew"}],"is_trial":false,"path_per_floor":["M","M","?","M","?","R","E","R","T","M","E","R","$","M","R","B",null,"M","?","M","M","T","E"],"character_chosen":"THE_SILENT","items_purchased":["Envenom","Leg Sweep","Poisoned Stab"],"campfire_rested":2,"item_purchase_floors":[13,13,13],"current_hp_per_floor":[49,42,42,42,42,42,32,60,60,57,35,35,35,19,52,22,51,39,60,50,32,32,0],"gold":172,"neow_bonus":"BOSS_RELIC","is_prod":false,"is_daily":false,"chose_seed":false,"campfire_upgraded":2,"win_rate":0,"timestamp":1564098676,"path_taken":["M","M","?","M","?","R","E","R","T","M","E","R","$","M","R","BOSS","M","?","?","M","?","E"],"build_version":"2019-07-17","purchased_purges":0,"victory":false,"max_hp_per_floor":[66,66,60,60,60,60,60,60,60,60,60,60,60,60,60,60,60,60,60,60,60,60,60],"card_choices":[{"not_picked":["Noxious Fumes","Outmaneuver"],"picked":"Slice","floor":1},{"not_picked":["Concentrate","Riddle With Holes"],"picked":"Quick Slash","floor":2},{"not_picked":["Flechettes","Dagger Throw"],"picked":"Dash","floor":4},{"not_picked":["Bane","Flechettes","Backflip"],"picked":"SKIP","floor":10},{"not_picked":["PiercingWail","Quick Slash"],"picked":"Well Laid Plans","floor":11},{"not_picked":["Underhanded Strike","Tactician"],"picked":"Infinite Blades","floor":14},{"not_picked":["Die Die Die","Adrenaline"],"picked":"A Thousand Cuts","floor":16},{"not_picked":["Blur","Outmaneuver"],"picked":"Noxious Fumes","floor":18},{"not_picked":["Riddle With Holes","All Out Attack"],"picked":"Acrobatics","floor":20},{"not_picked":["Deflect","Flying Knee"],"picked":"Endless Agony","floor":21}],"player_experience":1327249,"relics_obtained":[{"floor":7,"key":"Regal Pillow"},{"floor":9,"key":"Happy Flower"},{"floor":11,"key":"Snake Skull"},{"floor":22,"key":"Toxic Egg 2"}],"event_choices":[{"damage_healed":0,"gold_gain":0,"player_choice":"Lose Max HP","damage_taken":0,"relics_obtained":["Golden Idol"],"max_hp_gain":0,"max_hp_loss":6,"event_name":"Golden Idol","floor":3,"gold_loss":0},{"damage_healed":0,"gold_gain":0,"player_choice":"Ignored","damage_taken":0,"max_hp_gain":0,"max_hp_loss":0,"event_name":"Liars Game","floor":5,"gold_loss":0},{"damage_healed":21,"gold_gain":0,"player_choice":"Full Heal","damage_taken":0,"max_hp_gain":0,"max_hp_loss":0,"event_name":"Wheel of Change","floor":19,"gold_loss":0}],"is_beta":false,"boss_relics":[{"not_picked":["Pandora\u0027s Box","Empty Cage"],"picked":"Runic Dome"}],"items_purged_floors":[],"is_endless":false,"potions_floor_spawned":[1,4,10,16,20],"killed_by":"Slavers","ascension_level":20}