{"gold_per_floor":[110,110,110,128,99,99,134,134,160,160,67,67,83,99,99,196,196,212,212,212,229,36,36,13,41,67,15,32,64,77,77],"floor_reached":31,"playtime":2464,"items_purged":[],"score":393,"play_id":"d27a9478-ca17-48a2-82ae-da2cdfab157e","local_time":"20190612202755","is_ascension_mode":true,"campfire_choices":[{"floor":6.0,"key":"REST"},{"floor":10.0,"key":"REST"},{"floor":12.0,"key":"REST"},{"data":"Cloak And Dagger","floor":15.0,"key":"SMITH"},{"floor":23.0,"key":"REST"}],"neow_cost":"PERCENT_DAMAGE","seed_source_timestamp":1487934612347175,"circlet_count":0,"master_deck":["Defend_G","Defend_G","Defend_G","Defend_G","Defend_G","Strike_G","Strike_G","Strike_G","Strike_G","Strike_G","Survivor","Neutralize","Quick Slash","Finisher","Dramatic Entrance","Cloak And Dagger+1","Night Terror","Dagger Spray","Flying Knee","Flying Knee"],"special_seed":0,"relics":["Ring of the Snake","Torii","Vajra","Pen Nib","Lizard Tail","Sling","Omamori","Art of War","Girya"],"potions_floor_usage":[30],"damage_taken":[{"damage":1.0,"enemies":"Small Slimes","floor":1.0,"turns":4.0},{"damage":0.0,"enemies":"2 Louse","floor":4.0,"turns":2.0},{"damage":32.0,"enemies":"Gremlin Nob","floor":7.0,"turns":4.0},{"damage":0.0,"enemies":"Jaw Worm","floor":13.0,"turns":2.0},{"damage":0.0,"enemies":"Lots of Slimes","floor":14.0,"turns":2.0},{"damage":6.0,"enemies":"Hexaghost","floor":16.0,"turns":7.0},{"damage":22.0,"enemies":"2 Thieves","floor":18.0,"turns":3.0},{"damage":3.0,"enemies":"Shell Parasite","floor":21.0,"turns":6.0},{"damage":50.0,"enemies":"Slavers","floor":25.0,"turns":6.0},{"damage":1.0,"enemies":"Cultist and Chosen","floor":28.0,"turns":4.0},{"damage":8.0,"enemies":"Gremlin Leader","floor":29.0,"turns":4.0},{"damage":32,"enemies":"Shelled Parasite and Fungi","floor":30,"turns":4},{"damage":13,"enemies":"Slavers","floor":31,"turns":1}],"seed_played":"-6389751864377119835","potions_obtained":[{"floor":4.0,"key":"LiquidBronze"},{"floor":14.0,"key":"Strength Potion"},{"floor":16.0,"key":"Swift Potion"},{"floor":18.0,"key":"Swift Potion"},{"floor":25.0,"key":"Energy Potion"},{"floor":29.0,"key":"Strength Potion"}],"is_trial":false,"path_per_floor":["M","?","?","M","?","R","E","?","T","R","$","R","M","M","R","B",null,"M","?","?","M","$","R","$","E","T","$","M","E","M","E"],"character_chosen":"THE_SILENT","items_purchased":["Dramatic Entrance","Sling","Flying Knee","AttackPotion"],"campfire_rested":4,"item_purchase_floors":[11,22,24,27],"current_hp_per_floor":[44,44,44,44,44,65,33,33,33,54,54,70,70,70,70,64,69,47,47,34,31,31,53,53,3,3,3,2,37,5,0],"gold":77,"neow_bonus":"ONE_RARE_RELIC","is_prod":false,"is_daily":false,"chose_seed":false,"campfire_upgraded":1,"win_rate":0,"timestamp":1560360475,"path_taken":["M","?","?","M","?","R","E","?","T","R","?","R","M","M","R","BOSS","M","?","?","M","$","R","$","E","T","?","M","E","M","E"],"build_version":"2019-01-23","purchased_purges":0,"victory":false,"max_hp_per_floor":[70,70,70,70,70,70,70,70,70,70,70,70,70,70,70,70,70,70,70,75,75,75,75,75,75,75,75,75,75,75,75],"card_choices":[{"not_picked":["Outmaneuver","Deflect"],"picked":"Quick Slash","floor":1.0},{"not_picked":["Concentrate","Footwork"],"picked":"Finisher","floor":4.0},{"not_picked":["Crippling Poison","Calculated Gamble","Sucker Punch"],"picked":"SKIP","floor":7.0},{"not_picked":["Dagger Throw","Bane","Well Laid Plans"],"picked":"SKIP","floor":13.0},{"not_picked":["Noxious Fumes","Well Laid Plans"],"picked":"Cloak And Dagger","floor":14.0},{"not_picked":["Doppelganger","Tools of the Trade"],"picked":"Night Terror","floor":16.0},{"not_picked":["Calculated Gamble","Outmaneuver"],"picked":"Dagger Spray","floor":18.0},{"not_picked":["Dodge and Roll","Underhanded Strike","Backflip+1"],"picked":"SKIP","floor":21.0},{"not_picked":["Flechettes+1","Underhanded Strike","Distraction"],"picked":"SKIP","floor":25.0},{"not_picked":["Acrobatics+1","Well Laid Plans+1"],"picked":"Flying Knee","floor":28.0},{"not_picked":["Well Laid Plans","Dagger Throw","Dodge and Roll"],"picked":"SKIP","floor":29.0},{"not_picked":["Doppelganger","Choke+1","Blur+1"],"picked":"SKIP","floor":30}],"player_experience":1521901,"relics_obtained":[{"floor":7.0,"key":"Vajra"},{"floor":9.0,"key":"Pen Nib"},{"floor":25.0,"key":"Omamori"},{"floor":26.0,"key":"Art of War"},{"floor":29.0,"key":"Girya"}],"event_choices":[{"damage_healed":0.0,"max_hp_gain":0.0,"max_hp_loss":0.0,"gold_gain":0.0,"event_name":"Shining Light","player_choice":"Ignored","floor":2.0,"gold_loss":0.0,"damage_taken":0.0},{"damage_healed":0.0,"max_hp_gain":0.0,"max_hp_loss":0.0,"gold_gain":0.0,"event_name":"Golden Wing","player_choice":"Ignored","floor":3.0,"gold_loss":0.0,"damage_taken":0.0},{"damage_healed":0.0,"max_hp_gain":0.0,"max_hp_loss":0.0,"gold_gain":0.0,"event_name":"World of Goop","player_choice":"Left Gold","floor":5.0,"gold_loss":29.0,"damage_taken":0.0},{"damage_healed":0.0,"max_hp_gain":0.0,"max_hp_loss":0.0,"gold_gain":0.0,"event_name":"Golden Idol","player_choice":"Ignored","floor":8.0,"gold_loss":0.0,"damage_taken":0.0},{"damage_healed":0.0,"max_hp_gain":0.0,"max_hp_loss":0.0,"gold_gain":0.0,"event_name":"Ghosts","player_choice":"Ignored","floor":19.0,"gold_loss":0.0,"damage_taken":0.0},{"damage_healed":0.0,"max_hp_gain":5.0,"max_hp_loss":0.0,"gold_gain":0.0,"event_name":"Forgotten Altar","player_choice":"Shed Blood","floor":20.0,"gold_loss":0.0,"damage_taken":18.0}],"is_beta":false,"boss_relics":[{"not_picked":["Pandora\u0027s Box","Busted Crown"],"picked":"Lizard Tail"}],"items_purged_floors":[],"is_endless":false,"potions_floor_spawned":[4,14,16,18,25,29],"killed_by":"Slavers","ascension_level":9}