{"gold_per_floor":[117,18,18,18,37,37,88,99,99,126,126,142,159,188,188,188],"floor_reached":16,"playtime":720,"items_purged":[],"score":155,"play_id":"17310ae0-23ce-462e-a9c6-3ac7c5433f24","local_time":"20190625204526","is_ascension_mode":true,"campfire_choices":[{"floor":6,"key":"REST"},{"floor":11,"key":"REST"},{"data":"Neutralize","floor":15,"key":"SMITH"}],"neow_cost":"PERCENT_DAMAGE","seed_source_timestamp":1043725044102076,"circlet_count":0,"master_deck":["AscendersBane","Defend_G","Defend_G","Defend_G","Defend_G","Defend_G","Strike_G","Strike_G","Strike_G","Strike_G","Strike_G","Survivor","Neutralize+1","Backstab","Slice","Heel Hook","Accuracy"],"relics":["Ring of the Snake","Unceasing Top","Oddly Smooth Stone","Gremlin Horn","Blood Vial","Odd Mushroom"],"potions_floor_usage":[10,13,14],"damage_taken":[{"damage":2,"enemies":"2 Louse","floor":1,"turns":5},{"damage":2,"enemies":"Jaw Worm","floor":5,"turns":3},{"damage":0,"enemies":"Cultist","floor":8,"turns":3},{"damage":19,"enemies":"3 Sentries","floor":10,"turns":8},{"damage":0,"enemies":"3 Louse","floor":12,"turns":2},{"damage":0,"enemies":"Looter","floor":13,"turns":2},{"damage":3,"enemies":"The Mushroom Lair","floor":14,"turns":3},{"damage":73,"enemies":"Slime Boss","floor":16,"turns":13}],"seed_played":"7277549139798665325","potions_obtained":[{"floor":5,"key":"Ancient Potion"},{"floor":12,"key":"Explosive Potion"},{"floor":13,"key":"Explosive Potion"}],"is_trial":false,"path_per_floor":["M","$","?","$","M","R","T","M","T","E","R","M","M","?","R","B"],"character_chosen":"THE_SILENT","items_purchased":["Slice","Strength Potion"],"campfire_rested":2,"item_purchase_floors":[2,2],"current_hp_per_floor":[43,43,43,43,41,62,62,62,62,43,64,66,68,67,67,0],"gold":188,"neow_bonus":"ONE_RARE_RELIC","is_prod":false,"is_daily":false,"chose_seed":false,"campfire_upgraded":1,"win_rate":0,"timestamp":1561484726,"path_taken":["M","$","?","$","M","R","?","M","T","E","R","M","?","?","R","BOSS"],"build_version":"2019-01-23","purchased_purges":0,"victory":false,"max_hp_per_floor":[70,70,70,70,70,70,70,70,70,70,70,70,70,70,70,70],"card_choices":[{"not_picked":["Cloak And Dagger","Sucker Punch"],"picked":"Backstab","floor":1},{"not_picked":["Reflex","Quick Slash","Outmaneuver"],"picked":"SKIP","floor":5},{"not_picked":["Sucker Punch","Acrobatics","Finisher"],"picked":"SKIP","floor":8},{"not_picked":["Blade Dance","Dodge and Roll","Dash"],"picked":"SKIP","floor":10},{"not_picked":["Bane","Bouncing Flask"],"picked":"Heel Hook","floor":12},{"not_picked":["Quick Slash","Footwork"],"picked":"Accuracy","floor":13}],"player_experience":1581188,"relics_obtained":[{"floor":7,"key":"Oddly Smooth Stone"},{"floor":9,"key":"Gremlin Horn"},{"floor":10,"key":"Blood Vial"},{"floor":14,"key":"Odd Mushroom"}],"event_choices":[{"damage_healed":0,"gold_gain":0,"player_choice":"Leave","damage_taken":0,"max_hp_gain":0,"max_hp_loss":0,"event_name":"The Cleric","floor":3,"gold_loss":0},{"damage_healed":0,"gold_gain":0,"player_choice":"Fought Mushrooms","damage_taken":0,"max_hp_gain":0,"max_hp_loss":0,"event_name":"Mushrooms","floor":14,"gold_loss":0}],"is_beta":false,"boss_relics":[],"items_purged_floors":[],"is_endless":false,"potions_floor_spawned":[5,12,13],"killed_by":"Slime Boss","ascension_level":11}