{"gold_per_floor":[15,34,47,65,12,12,45,45,45,64,64,83,114,143,143,216,216,227,13,23,23,23,23,55,55,101,101,101],"floor_reached":28,"playtime":948,"items_purged":[],"score":492,"play_id":"afcc784e-de2b-435d-9cf3-f389283b79f9","local_time":"20190708202158","is_ascension_mode":true,"campfire_choices":[{"data":"Fission","floor":6.0,"key":"SMITH"},{"data":"Zap","floor":8.0,"key":"SMITH"},{"floor":11.0,"key":"REST"},{"floor":15.0,"key":"REST"},{"data":"Capacitor","floor":23,"key":"SMITH"},{"floor":27,"key":"REST"}],"neow_cost":"NO_GOLD","seed_source_timestamp":56145303145900,"circlet_count":0,"master_deck":["AscendersBane","Strike_B","Strike_B","Strike_B","Defend_B","Defend_B","Defend_B","Zap+1","Dualcast","Fission+1","Auto Shields","Rip and Tear","Cold Snap","Double Energy","Conserve Battery","Biased Cognition","Echo Form","Capacitor+1","Ball Lightning","White Noise","Glacier","Consume","Clumsy"],"special_seed":0,"relics":["Cracked Core","Cables","Ice Cream","StoneCalendar","Odd Mushroom","Cursed Key","Juzu Bracelet","Pen Nib"],"potions_floor_usage":[16,24],"damage_taken":[{"damage":0.0,"enemies":"Cultist","floor":1.0,"turns":4.0},{"damage":4.0,"enemies":"Small Slimes","floor":2.0,"turns":3.0},{"damage":7.0,"enemies":"Jaw Worm","floor":3.0,"turns":4.0},{"damage":6.0,"enemies":"2 Fungi Beasts","floor":4.0,"turns":3.0},{"damage":26.0,"enemies":"Lagavulin","floor":7.0,"turns":9.0},{"damage":6.0,"enemies":"Lots of Slimes","floor":10.0,"turns":4.0},{"damage":2.0,"enemies":"Exordium Wildlife","floor":12.0,"turns":3.0},{"damage":6.0,"enemies":"Gremlin Nob","floor":13.0,"turns":3.0},{"damage":12.0,"enemies":"The Mushroom Lair","floor":14.0,"turns":4.0},{"damage":3,"enemies":"Slime Boss","floor":16,"turns":7},{"damage":0,"enemies":"Chosen","floor":18,"turns":3},{"damage":9,"enemies":"Spheric Guardian","floor":20,"turns":4},{"damage":52,"enemies":"Gremlin Leader","floor":24,"turns":7},{"damage":38,"enemies":"Chosen and Byrds","floor":28,"turns":5}],"seed_played":"-2870109629750205420","potions_obtained":[{"floor":1.0,"key":"Ancient Potion"},{"floor":13.0,"key":"Dexterity Potion"},{"floor":16,"key":"Block Potion"}],"is_trial":false,"path_per_floor":["M","M","M","M","$","R","E","R","T","M","R","M","E","?","R","B",null,"M","$","M","?","?","R","E","?","T","R","M"],"character_chosen":"DEFECT","items_purchased":["Strength Potion","Juzu Bracelet","Ball Lightning"],"campfire_rested":3,"item_purchase_floors":[5,19,19],"current_hp_per_floor":[64,60,53,47,47,47,21,21,21,15,36,34,28,16,37,34,62,62,62,53,53,53,53,1,1,1,22,0],"gold":101,"neow_bonus":"TRANSFORM_TWO_CARDS","is_prod":false,"is_daily":false,"chose_seed":false,"campfire_upgraded":3,"win_rate":0,"timestamp":1562584918,"path_taken":["M","M","M","?","$","R","E","R","T","M","R","M","E","?","R","BOSS","M","$","M","?","?","R","E","?","T","R","M"],"build_version":"2019-07-05","purchased_purges":0,"victory":false,"max_hp_per_floor":[71,71,71,71,71,71,71,71,71,71,71,71,71,71,71,71,71,71,71,71,71,71,71,71,71,71,71,71],"card_choices":[{"not_picked":["Genetic Algorithm","Go for the Eyes"],"picked":"Rip and Tear","floor":1.0},{"not_picked":["Hello World","Conserve Battery","Stack"],"picked":"SKIP","floor":2.0},{"not_picked":["Barrage","Rebound","Aggregate"],"picked":"SKIP","floor":3.0},{"not_picked":["Ball Lightning","Coolheaded"],"picked":"Cold Snap","floor":4.0},{"not_picked":["Genetic Algorithm","Redo","Thunder Strike"],"picked":"SKIP","floor":7.0},{"not_picked":["Lockon","Chaos"],"picked":"Double Energy","floor":10.0},{"not_picked":["Coolheaded","Hello World"],"picked":"Conserve Battery","floor":12.0},{"not_picked":["Cold Snap","Scrape"],"picked":"Biased Cognition","floor":13.0},{"not_picked":["Reboot","Machine Learning"],"picked":"Echo Form","floor":16},{"not_picked":["Force Field+1","Compile Driver"],"picked":"Capacitor","floor":18},{"not_picked":["Beam Cell","Lockon"],"picked":"White Noise","floor":20},{"not_picked":["Gash","Auto Shields"],"picked":"Consume","floor":24}],"player_experience":952443,"relics_obtained":[{"floor":7.0,"key":"Cables"},{"floor":9.0,"key":"Ice Cream"},{"floor":13.0,"key":"StoneCalendar"},{"floor":14.0,"key":"Odd Mushroom"},{"floor":24,"key":"Pen Nib"}],"event_choices":[{"damage_healed":0.0,"max_hp_gain":0.0,"max_hp_loss":0.0,"gold_gain":0.0,"event_name":"Mushrooms","player_choice":"Fought Mushrooms","floor":14.0,"gold_loss":0.0,"damage_taken":0.0},{"damage_healed":0,"gold_gain":0,"player_choice":"Read","damage_taken":0,"max_hp_gain":0,"max_hp_loss":0,"event_name":"The Library","floor":21,"gold_loss":0,"cards_obtained":["Glacier"]},{"damage_healed":0,"gold_gain":0,"player_choice":"Ignored","damage_taken":0,"max_hp_gain":0,"max_hp_loss":0,"event_name":"N\u0027loth","floor":22,"gold_loss":0},{"damage_healed":0,"gold_gain":0,"player_choice":"Ignored","damage_taken":0,"max_hp_gain":0,"max_hp_loss":0,"event_name":"The Mausoleum","floor":25,"gold_loss":0}],"is_beta":false,"boss_relics":[{"not_picked":["Ectoplasm","Coffee Dripper"],"picked":"Cursed Key"}],"items_purged_floors":[],"is_endless":false,"potions_floor_spawned":[1,7,12,13,16],"killed_by":"Chosen and Byrds","ascension_level":20}