{"gold_per_floor":[109,29,104,104,123,123,153,153,153,153,167,183,217,3,3,75,75,86,97,22,22,22,22,22,22,22,22,22,22,52,52,52,52],"floor_reached":33,"playtime":692,"items_purged":["Strike_R"],"score":588,"play_id":"ba02529f-10bd-4760-949a-a9fd47758e11","local_time":"20190723185244","is_ascension_mode":true,"campfire_choices":[{"data":"Bash","floor":6,"key":"SMITH"},{"data":"Feel No Pain","floor":10,"key":"SMITH"},{"data":"Immolate","floor":15,"key":"SMITH"},{"floor":23,"key":"REST"},{"data":"Bludgeon","floor":25,"key":"SMITH"},{"data":"Battle Trance","floor":29,"key":"SMITH"},{"floor":32,"key":"REST"}],"neow_cost":"NONE","seed_source_timestamp":357731790379400,"circlet_count":0,"master_deck":["AscendersBane","Strike_R","Strike_R","Strike_R","Strike_R","Defend_R","Defend_R","Defend_R","Defend_R","Bash+1","Shrug It Off","Feel No Pain+1","Sword Boomerang","Immolate+1","Battle Trance+1","Bludgeon+1"],"relics":["Burning Blood","NeowsBlessing","Oddly Smooth Stone","Lantern","Bottled Flame","Omamori","Philosopher\u0027s Stone","Ornamental Fan","Juzu Bracelet","Art of War","Blue Candle"],"potions_floor_usage":[16,24,30],"damage_taken":[{"damage":0,"enemies":"Cultist","floor":1,"turns":1},{"damage":0,"enemies":"Jaw Worm","floor":5,"turns":1},{"damage":0,"enemies":"Lagavulin","floor":7,"turns":1},{"damage":12,"enemies":"Small Slimes","floor":11,"turns":4},{"damage":7,"enemies":"Blue Slaver","floor":12,"turns":6},{"damage":14,"enemies":"3 Sentries","floor":13,"turns":5},{"damage":64,"enemies":"The Guardian","floor":16,"turns":13},{"damage":28,"enemies":"3 Byrds","floor":18,"turns":5},{"damage":33,"enemies":"Shell Parasite","floor":19,"turns":4},{"damage":0,"enemies":"Snake Plant","floor":24,"turns":1},{"damage":21,"enemies":"Gremlin Leader","floor":30,"turns":4},{"damage":0,"enemies":"Champ","floor":33,"turns":1}],"seed_played":"5490942415860404234","potions_obtained":[{"floor":7,"key":"SpeedPotion"},{"floor":11,"key":"Fire Potion"},{"floor":16,"key":"SmokeBomb"},{"floor":19,"key":"FairyPotion"},{"floor":28,"key":"Fire Potion"},{"floor":28,"key":"FairyPotion"},{"floor":30,"key":"Explosive Potion"}],"is_trial":false,"path_per_floor":["M","$","?","?","M","R","E","?","T","R","M","M","E","$","R","B",null,"M","M","$","?","?","R","M","R","T","$","?","R","E","?","R","B"],"character_chosen":"IRONCLAD","items_purchased":["Feel No Pain","Battle Trance","Omamori"],"campfire_rested":2,"item_purchase_floors":[2,14,14],"current_hp_per_floor":[74,74,63,68,74,74,80,80,80,80,74,73,65,65,65,7,62,40,13,13,8,8,33,39,39,39,39,39,39,24,24,49,49],"gold":52,"neow_bonus":"THREE_ENEMY_KILL","is_prod":false,"is_daily":false,"chose_seed":false,"campfire_upgraded":5,"win_rate":0,"timestamp":1563875564,"path_taken":["M","$","?","?","M","R","E","?","T","R","M","M","E","$","R","BOSS","M","M","$","?","?","R","M","R","T","?","?","R","E","?","R","BOSS"],"build_version":"2019-07-17","purchased_purges":1,"victory":false,"max_hp_per_floor":[75,75,75,80,80,80,80,80,80,80,80,80,80,80,80,80,80,80,80,80,85,85,85,85,85,85,85,85,85,85,85,85,85],"card_choices":[{"not_picked":["Perfected Strike","Iron Wave"],"picked":"Shrug It Off","floor":1},{"not_picked":["Thunderclap","Dual Wield","Perfected Strike"],"picked":"SKIP","floor":5},{"not_picked":["Infernal Blade","Pummel","Shrug It Off"],"picked":"SKIP","floor":7},{"not_picked":["Shrug It Off","Flame Barrier"],"picked":"Sword Boomerang","floor":11},{"not_picked":["Dual Wield","Pommel Strike"],"picked":"Immolate","floor":12},{"not_picked":["Twin Strike","Flex","Headbutt"],"picked":"SKIP","floor":13},{"not_picked":["Berserk","Brutality"],"picked":"Bludgeon","floor":16},{"not_picked":["Thunderclap","Reckless Charge","Blood for Blood+1"],"picked":"SKIP","floor":18},{"not_picked":["Sentinel","Metallicize","Pommel Strike"],"picked":"SKIP","floor":19},{"not_picked":["Twin Strike","Hemokinesis","Headbutt"],"picked":"SKIP","floor":30}],"player_experience":1150123,"relics_obtained":[{"floor":7,"key":"Oddly Smooth Stone"},{"floor":9,"key":"Lantern"},{"floor":13,"key":"Bottled Flame"},{"floor":26,"key":"Juzu Bracelet"},{"floor":30,"key":"Art of War"}],"event_choices":[{"damage_healed":0,"gold_gain":75,"player_choice":"Gather Gold","damage_taken":11,"max_hp_gain":0,"max_hp_loss":0,"event_name":"World of Goop","floor":3,"gold_loss":0},{"damage_healed":0,"gold_gain":0,"player_choice":"Donut","damage_taken":0,"max_hp_gain":5,"max_hp_loss":0,"event_name":"Big Fish","floor":4,"gold_loss":0},{"damage_healed":0,"gold_gain":0,"player_choice":"Ignored","damage_taken":0,"max_hp_gain":0,"max_hp_loss":0,"event_name":"Liars Game","floor":8,"gold_loss":0},{"damage_healed":0,"gold_gain":0,"player_choice":"Shed Blood","damage_taken":28,"max_hp_gain":5,"max_hp_loss":0,"event_name":"Forgotten Altar","floor":21,"gold_loss":0},{"damage_healed":0,"gold_gain":0,"player_choice":"Stole Relic","damage_taken":0,"relics_obtained":["Ornamental Fan"],"max_hp_gain":0,"max_hp_loss":0,"event_name":"Addict","floor":22,"gold_loss":0,"cards_obtained":["Shame"]},{"damage_healed":0,"gold_gain":0,"player_choice":"Got Potions","damage_taken":0,"max_hp_gain":0,"max_hp_loss":0,"event_name":"Lab","floor":28,"gold_loss":0},{"damage_healed":0,"gold_gain":0,"player_choice":"Gave Potion","damage_taken":0,"relics_obtained":["Blue Candle"],"max_hp_gain":0,"max_hp_loss":0,"event_name":"WeMeetAgain","floor":31,"gold_loss":0}],"is_beta":false,"boss_relics":[{"not_picked":["Runic Pyramid","Ectoplasm"],"picked":"Philosopher\u0027s Stone"}],"items_purged_floors":[20],"is_endless":false,"potions_floor_spawned":[7,11,16,19,24,30],"killed_by":"Champ","ascension_level":20}