{"gold_per_floor":[17,17,31,31,31,60,60,91,91,103,117,117,132,162,162,162],"floor_reached":16,"playtime":405,"items_purged":[],"score":220,"play_id":"b54d1f6f-73e0-4659-b3bc-460c8d8954c3","local_time":"20190723201028","is_ascension_mode":true,"campfire_choices":[{"floor":7,"key":"REST"},{"floor":12,"key":"REST"},{"data":"Whirlwind","floor":15,"key":"SMITH"}],"neow_cost":"NO_GOLD","seed_source_timestamp":362683543287900,"circlet_count":0,"master_deck":["AscendersBane","Strike_R","Defend_R","Defend_R","Defend_R","Defend_R","Bash","Corruption","Offering","Whirlwind+1","Sentinel","Inflame","Reaper","Seeing Red","Ghostly Armor"],"relics":["Burning Blood","Calipers","Happy Flower","Pantograph","Odd Mushroom"],"potions_floor_usage":[11,11,11,16,16],"damage_taken":[{"damage":8,"enemies":"2 Louse","floor":1,"turns":5},{"damage":5,"enemies":"Small Slimes","floor":3,"turns":5},{"damage":62,"enemies":"Gremlin Nob","floor":6,"turns":5},{"damage":31,"enemies":"3 Sentries","floor":8,"turns":4},{"damage":6,"enemies":"Jaw Worm","floor":10,"turns":3},{"damage":7,"enemies":"Looter","floor":11,"turns":3},{"damage":17,"enemies":"Blue Slaver","floor":13,"turns":4},{"damage":6,"enemies":"The Mushroom Lair","floor":14,"turns":3},{"damage":53,"enemies":"Slime Boss","floor":16,"turns":9}],"seed_played":"7546634776960027339","potions_obtained":[{"floor":10,"key":"EntropicBrew"},{"floor":11,"key":"Dexterity Potion"},{"floor":14,"key":"Poison Potion"}],"is_trial":false,"path_per_floor":["M","?","M","?","?","E","R","E","T","M","M","R","M","?","R","B"],"character_chosen":"IRONCLAD","items_purchased":[],"campfire_rested":2,"item_purchase_floors":[],"current_hp_per_floor":[66,66,67,72,65,9,33,8,8,8,7,31,26,38,38,10],"gold":162,"neow_bonus":"REMOVE_TWO","is_prod":false,"is_daily":false,"chose_seed":false,"campfire_upgraded":1,"win_rate":0,"timestamp":1563880228,"path_taken":["M","?","M","?","?","E","R","E","T","M","M","R","M","?","R","BOSS"],"build_version":"2019-07-17","purchased_purges":0,"victory":false,"max_hp_per_floor":[75,75,75,80,80,80,80,80,80,80,80,80,80,80,80,80],"card_choices":[{"not_picked":["True Grit","Warcry"],"picked":"Corruption","floor":1},{"not_picked":["Fire Breathing","Sword Boomerang"],"picked":"Whirlwind","floor":3},{"not_picked":["Clash","Infernal Blade","Sword Boomerang"],"picked":"SKIP","floor":6},{"not_picked":["Warcry","Perfected Strike"],"picked":"Sentinel","floor":8},{"not_picked":["Armaments","Pommel Strike"],"picked":"Inflame","floor":10},{"not_picked":["Flame Barrier","Flex"],"picked":"Reaper","floor":11},{"not_picked":["Clothesline","Heavy Blade"],"picked":"Seeing Red","floor":13},{"not_picked":["Intimidate","Flex"],"picked":"Ghostly Armor","floor":14}],"player_experience":1155013,"relics_obtained":[{"floor":6,"key":"Calipers"},{"floor":8,"key":"Happy Flower"},{"floor":9,"key":"Pantograph"},{"floor":14,"key":"Odd Mushroom"}],"event_choices":[{"damage_healed":0,"gold_gain":0,"cards_transformed":["Strike_R"],"player_choice":"Change","damage_taken":0,"max_hp_gain":0,"max_hp_loss":0,"event_name":"Living Wall","floor":2,"gold_loss":0,"cards_obtained":["Offering"]},{"damage_healed":0,"gold_gain":0,"player_choice":"Donut","damage_taken":0,"max_hp_gain":5,"max_hp_loss":0,"event_name":"Big Fish","floor":4,"gold_loss":0},{"cards_removed":["Strike_R"],"damage_healed":0,"gold_gain":0,"player_choice":"Card Removal","damage_taken":7,"max_hp_gain":0,"max_hp_loss":0,"event_name":"Golden Wing","floor":5,"gold_loss":0},{"damage_healed":0,"gold_gain":0,"player_choice":"Fought Mushrooms","damage_taken":0,"max_hp_gain":0,"max_hp_loss":0,"event_name":"Mushrooms","floor":14,"gold_loss":0}],"is_beta":false,"boss_relics":[],"items_purged_floors":[],"is_endless":false,"potions_floor_spawned":[10,11,14],"killed_by":"Slime Boss","ascension_level":20}