{"gold_per_floor":[115,115,130,130,145,145,179,179,230,242,242,303,303,317,317,388,388,407,407,407,421,435,435,463,463,487,19,51,66,66,101,101,101],"floor_reached":33,"playtime":840,"items_purged":[],"score":606,"play_id":"d0e36021-f992-463a-aad4-52fd5f3d482b","local_time":"20190723204630","is_ascension_mode":true,"campfire_choices":[{"data":"Cleave","floor":6,"key":"SMITH"},{"data":"Inflame","floor":8,"key":"SMITH"},{"data":"Bash","floor":11,"key":"SMITH"},{"data":"Spot Weakness","floor":15,"key":"SMITH"},{"floor":23,"key":"REST"},{"data":"Entrench","floor":32,"key":"SMITH"}],"neow_cost":"NONE","seed_source_timestamp":364410191958200,"circlet_count":0,"master_deck":["AscendersBane","Strike_R+1","Defend_R+1","Defend_R","Defend_R+1","Defend_R","Bash+1","Shrug It Off","Cleave+1","Inflame+1","Spot Weakness+1","Impervious","Blood for Blood+1","Fiend Fire+1","Bludgeon+1","Havoc","Impervious","Anger+1","Rage+1","Reaper","Barricade","Entrench+1","Demon Form"],"relics":["Burning Blood","NeowsBlessing","PreservedInsect","Happy Flower","Strawberry","Astrolabe","Oddly Smooth Stone","Nilry\u0027s Codex","Whetstone","Bag of Marbles","War Paint","Smiling Mask"],"potions_floor_usage":[7,16,16,28,29,31,33],"damage_taken":[{"damage":0,"enemies":"Jaw Worm","floor":1,"turns":1},{"damage":0,"enemies":"Cultist","floor":3,"turns":1},{"damage":0,"enemies":"2 Louse","floor":5,"turns":1},{"damage":27,"enemies":"3 Sentries","floor":7,"turns":9},{"damage":2,"enemies":"Looter","floor":10,"turns":4},{"damage":8,"enemies":"Gremlin Nob","floor":12,"turns":3},{"damage":11,"enemies":"Blue Slaver","floor":14,"turns":3},{"damage":56,"enemies":"Slime Boss","floor":16,"turns":10},{"damage":18,"enemies":"Chosen","floor":18,"turns":4},{"damage":23,"enemies":"Spheric Guardian","floor":21,"turns":4},{"damage":19,"enemies":"Cultist and Chosen","floor":22,"turns":7},{"damage":29,"enemies":"Slavers","floor":24,"turns":4},{"damage":27,"enemies":"Book of Stabbing","floor":28,"turns":4},{"damage":11,"enemies":"3 Cultists","floor":29,"turns":5},{"damage":28,"enemies":"Slavers","floor":31,"turns":5},{"damage":39,"enemies":"Automaton","floor":33,"turns":4}],"seed_played":"-3147814139547623882","potions_obtained":[{"floor":2,"key":"Explosive Potion"},{"floor":2,"key":"GamblersBrew"},{"floor":3,"key":"Explosive Potion"},{"floor":5,"key":"PowerPotion"},{"floor":12,"key":"SkillPotion"},{"floor":16,"key":"Dexterity Potion"},{"floor":21,"key":"Dexterity Potion"},{"floor":28,"key":"SpeedPotion"},{"floor":29,"key":"BloodPotion"}],"is_trial":false,"path_per_floor":["M","?","M","?","M","R","E","R","T","M","R","?","?","M","R","B",null,"M","?","?","M","M","R","E","?","T","$","E","M","?","E","R","B"],"character_chosen":"IRONCLAD","items_purchased":["Reaper","Bag of Marbles","BloodPotion","Barricade"],"campfire_rested":1,"item_purchase_floors":[27,27,27,27],"current_hp_per_floor":[74,74,75,75,75,75,54,54,54,58,58,63,68,63,63,13,69,57,57,57,40,27,53,30,9,9,9,9,20,20,35,35,0],"gold":101,"neow_bonus":"THREE_ENEMY_KILL","is_prod":false,"is_daily":false,"chose_seed":false,"campfire_upgraded":5,"win_rate":0,"timestamp":1563882390,"path_taken":["M","?","?","?","?","R","E","R","T","?","R","?","?","M","R","BOSS","M","?","?","M","?","R","E","?","T","$","E","M","?","E","R","BOSS"],"build_version":"2019-07-17","purchased_purges":0,"victory":false,"max_hp_per_floor":[75,75,75,75,75,75,75,75,75,75,75,82,87,87,87,87,87,87,87,87,87,87,87,87,87,87,87,87,87,87,87,87,87],"card_choices":[{"not_picked":["Warcry","Dropkick"],"picked":"Shrug It Off","floor":1},{"not_picked":["Armaments","Entrench","Warcry"],"picked":"SKIP","floor":3},{"not_picked":["Sentinel","Hemokinesis"],"picked":"Cleave","floor":5},{"not_picked":["Thunderclap","Pummel"],"picked":"Inflame","floor":7},{"not_picked":["Heavy Blade","Perfected Strike","Body Slam"],"picked":"SKIP","floor":10},{"not_picked":["Iron Wave","Dark Embrace"],"picked":"Spot Weakness","floor":14},{"not_picked":["Juggernaut","Brutality"],"picked":"Impervious","floor":16},{"not_picked":["Infernal Blade","Burning Pact"],"picked":"Havoc","floor":18},{"not_picked":["Rampage","Wild Strike"],"picked":"Anger","floor":21},{"not_picked":["Reckless Charge+1","Pummel","Inflame"],"picked":"SKIP","floor":22},{"not_picked":["Iron Wave","Clothesline"],"picked":"Rage+1","floor":24},{"not_picked":["Burning Pact","Dual Wield"],"picked":"Entrench","floor":28},{"not_picked":["Anger","Ghostly Armor","Wild Strike"],"picked":"SKIP","floor":29},{"not_picked":["Pommel Strike","Wild Strike"],"picked":"Demon Form","floor":31}],"player_experience":1156667,"relics_obtained":[{"floor":7,"key":"PreservedInsect"},{"floor":9,"key":"Happy Flower"},{"floor":12,"key":"Strawberry"},{"floor":24,"key":"Oddly Smooth Stone"},{"floor":25,"key":"Nilry\u0027s Codex"},{"floor":26,"key":"Whetstone"},{"floor":28,"key":"War Paint"},{"floor":31,"key":"Smiling Mask"}],"event_choices":[{"damage_healed":0,"gold_gain":0,"player_choice":"Got Potions","damage_taken":0,"max_hp_gain":0,"max_hp_loss":0,"event_name":"Lab","floor":2,"gold_loss":0},{"cards_removed":["Strike_R"],"damage_healed":0,"gold_gain":0,"player_choice":"Purged","damage_taken":0,"max_hp_gain":0,"max_hp_loss":0,"event_name":"Purifier","floor":4,"gold_loss":0},{"damage_healed":0,"gold_gain":0,"player_choice":"Searched \u00271\u0027 times","damage_taken":0,"max_hp_gain":0,"max_hp_loss":0,"event_name":"Dead Adventurer","floor":12,"gold_loss":0},{"damage_healed":0,"gold_gain":0,"player_choice":"Donut","damage_taken":0,"max_hp_gain":5,"max_hp_loss":0,"event_name":"Big Fish","floor":13,"gold_loss":0},{"damage_healed":0,"gold_gain":0,"player_choice":"Ignored","damage_taken":0,"max_hp_gain":0,"max_hp_loss":0,"event_name":"Vampires","floor":19,"gold_loss":0},{"damage_healed":0,"gold_gain":0,"player_choice":"Copied","damage_taken":0,"max_hp_gain":0,"max_hp_loss":0,"event_name":"Duplicator","floor":20,"gold_loss":0,"cards_obtained":["Impervious"]},{"damage_healed":0,"gold_gain":0,"player_choice":"Obtained Book","damage_taken":21,"max_hp_gain":0,"max_hp_loss":0,"event_name":"Cursed Tome","floor":25,"gold_loss":0},{"damage_healed":0,"gold_gain":0,"player_choice":"Ignored","damage_taken":0,"max_hp_gain":0,"max_hp_loss":0,"event_name":"The Mausoleum","floor":30,"gold_loss":0}],"is_beta":false,"boss_relics":[{"not_picked":["White Beast Statue","Calling Bell"],"picked":"Astrolabe"}],"items_purged_floors":[],"is_endless":false,"potions_floor_spawned":[3,5,12,16,21,28,29],"killed_by":"Automaton","ascension_level":20}