{"gold_per_floor":[117,117,128,147,158,158,187,187,212,212,362,362],"floor_reached":12,"playtime":186,"items_purged":[],"score":156,"play_id":"5c637e78-5e17-47f7-9c33-86d9af33fac6","local_time":"20190723180235","is_ascension_mode":true,"campfire_choices":[{"data":"Armaments","floor":6,"key":"SMITH"},{"floor":8,"key":"REST"}],"neow_cost":"NONE","seed_source_timestamp":355230086972400,"circlet_count":0,"master_deck":["AscendersBane","Strike_R","Strike_R","Strike_R","Strike_R","Defend_R","Defend_R","Defend_R","Defend_R","Bash","Disarm","Disarm","Flame Barrier","Armaments+1"],"relics":["Burning Blood","NeowsBlessing","Blood Vial","Omamori"],"potions_floor_usage":[5,7,12],"damage_taken":[{"damage":0,"enemies":"Cultist","floor":1,"turns":1},{"damage":0,"enemies":"Small Slimes","floor":3,"turns":1},{"damage":0,"enemies":"2 Louse","floor":4,"turns":1},{"damage":8,"enemies":"2 Fungi Beasts","floor":5,"turns":3},{"damage":72,"enemies":"Gremlin Nob","floor":7,"turns":6},{"damage":13,"enemies":"3 Sentries","floor":12,"turns":6}],"seed_played":"-444331759752700449","potions_obtained":[{"floor":1,"key":"Energy Potion"},{"floor":2,"key":"Explosive Potion"},{"floor":4,"key":"Fire Potion"},{"floor":7,"key":"Strength Potion"}],"is_trial":false,"path_per_floor":["M","?","M","M","M","R","E","R","T","?","?","E"],"character_chosen":"IRONCLAD","items_purchased":[],"campfire_rested":1,"item_purchase_floors":[],"current_hp_per_floor":[74,74,75,75,73,73,7,29,29,22,22,11],"gold":362,"neow_bonus":"THREE_ENEMY_KILL","is_prod":false,"is_daily":false,"chose_seed":false,"campfire_upgraded":1,"win_rate":0,"timestamp":1563872555,"path_taken":["M","?","?","M","M","R","E","R","T","?","?","E"],"build_version":"2019-07-17","purchased_purges":0,"victory":false,"max_hp_per_floor":[75,75,75,75,75,75,75,75,75,75,75,75],"card_choices":[{"not_picked":["Iron Wave","Ghostly Armor"],"picked":"Disarm","floor":1},{"not_picked":["Pommel Strike","Shrug It Off"],"picked":"Disarm","floor":3},{"not_picked":["Sword Boomerang","Perfected Strike"],"picked":"Flame Barrier","floor":4},{"not_picked":["Armaments","Wild Strike","Brutality"],"picked":"SKIP","floor":5},{"not_picked":["Wild Strike","Brutality"],"picked":"Armaments","floor":5},{"not_picked":["Wild Strike","Flame Barrier","Rage"],"picked":"SKIP","floor":7}],"player_experience":1147649,"relics_obtained":[{"floor":7,"key":"Blood Vial"},{"floor":9,"key":"Omamori"}],"event_choices":[{"damage_healed":0,"gold_gain":0,"player_choice":"Got Potions","damage_taken":0,"max_hp_gain":0,"max_hp_loss":0,"event_name":"Lab","floor":2,"gold_loss":0},{"cards_removed":["Strike_R"],"damage_healed":0,"gold_gain":0,"player_choice":"Card Removal","damage_taken":7,"max_hp_gain":0,"max_hp_loss":0,"event_name":"Golden Wing","floor":10,"gold_loss":0},{"damage_healed":0,"gold_gain":150,"player_choice":"AGREE","damage_taken":0,"max_hp_gain":0,"max_hp_loss":0,"event_name":"Liars Game","floor":11,"gold_loss":0,"cards_obtained":["Doubt"]}],"is_beta":false,"boss_relics":[],"items_purged_floors":[],"is_endless":false,"potions_floor_spawned":[1,4,7],"killed_by":"3 Sentries","ascension_level":20}