{"gold_per_floor":[109,184,184,195,86,121,121,146,194,214,243,263,263,273,273,349,349,361,361],"floor_reached":19,"playtime":703,"items_purged":[],"score":382,"play_id":"f08585d2-affb-47ed-922c-c06102b68dea","local_time":"20190724111350","is_ascension_mode":true,"campfire_choices":[{"floor":7.0,"key":"REST"},{"floor":13,"key":"REST"},{"floor":15,"key":"REST"}],"neow_cost":"NONE","seed_source_timestamp":406841316124389,"circlet_count":0,"master_deck":["AscendersBane","Strike_G","Strike_G","Strike_G","Strike_G","Strike_G","Defend_G","Defend_G","Defend_G","Defend_G","Defend_G","Survivor","Neutralize","Poisoned Stab","Deadly Poison","Deadly Poison","All Out Attack","Bane","Calculated Gamble","Dagger Spray","Bouncing Flask","Dagger Spray","Bullet Time","Doppelganger"],"special_seed":0,"relics":["Ring of the Snake","NeowsBlessing","Lantern","Darkstone Periapt","Bronze Scales","Potion Belt","Cursed Key"],"potions_floor_usage":[16,19],"damage_taken":[{"damage":0.0,"enemies":"Small Slimes","floor":1.0,"turns":1.0},{"damage":0.0,"enemies":"Jaw Worm","floor":4.0,"turns":1.0},{"damage":0.0,"enemies":"Lagavulin","floor":6.0,"turns":1.0},{"damage":12.0,"enemies":"Gremlin Nob","floor":8.0,"turns":3.0},{"damage":0.0,"enemies":"Cultist","floor":10.0,"turns":2.0},{"damage":29.0,"enemies":"Lagavulin","floor":11.0,"turns":6.0},{"damage":14,"enemies":"3 Louse","floor":12,"turns":2},{"damage":4,"enemies":"Red Slaver","floor":14,"turns":3},{"damage":3,"enemies":"Slime Boss","floor":16,"turns":11},{"damage":22,"enemies":"Spheric Guardian","floor":18,"turns":4},{"damage":41,"enemies":"Masked Bandits","floor":19,"turns":3}],"seed_played":"-2853889022480962850","potions_obtained":[{"floor":4.0,"key":"SkillPotion"},{"floor":12,"key":"Block Potion"},{"floor":16,"key":"Energy Potion"},{"floor":18,"key":"Poison Potion"}],"is_trial":false,"path_per_floor":["M","?","$","M","$","E","R","E","T","M","E","M","R","M","R","B",null,"M","?"],"character_chosen":"THE_SILENT","items_purchased":["Deadly Poison","All Out Attack"],"campfire_rested":3,"item_purchase_floors":[5,5],"current_hp_per_floor":[59,48,48,48,48,48,66,54,54,54,25,11,30,26,45,42,60,38,0],"gold":361,"neow_bonus":"THREE_ENEMY_KILL","is_prod":false,"is_daily":false,"chose_seed":false,"campfire_upgraded":0,"win_rate":0,"timestamp":1563956030,"path_taken":["M","?","$","M","$","E","R","E","T","M","E","M","R","M","R","BOSS","M","?"],"build_version":"2019-07-17","purchased_purges":0,"victory":false,"max_hp_per_floor":[66,66,66,66,66,66,66,66,66,66,66,66,66,66,66,66,66,66,66],"card_choices":[{"not_picked":["Blade Dance","PiercingWail"],"picked":"Poisoned Stab","floor":1.0},{"not_picked":["Prepared","Flying Knee"],"picked":"Deadly Poison","floor":4.0},{"not_picked":["Dodge and Roll","Deflect"],"picked":"Bane","floor":6.0},{"not_picked":["Blur","Deflect"],"picked":"Calculated Gamble","floor":8.0},{"not_picked":["Concentrate","Terror"],"picked":"Dagger Spray","floor":10.0},{"not_picked":["Reflex","Dagger Spray"],"picked":"Bouncing Flask","floor":11.0},{"not_picked":["Choke","Sucker Punch"],"picked":"Dagger Spray","floor":12},{"not_picked":["Skewer","Heel Hook"],"picked":"Bullet Time","floor":14},{"not_picked":["Night Terror","Bullet Time"],"picked":"Doppelganger","floor":16},{"not_picked":["Outmaneuver","Eviscerate","Deflect"],"picked":"SKIP","floor":18}],"player_experience":1639520,"relics_obtained":[{"floor":6.0,"key":"Lantern"},{"floor":8.0,"key":"Darkstone Periapt"},{"floor":9.0,"key":"Bronze Scales"},{"floor":11.0,"key":"Potion Belt"}],"event_choices":[{"damage_healed":0.0,"max_hp_gain":0.0,"max_hp_loss":0.0,"gold_gain":75.0,"event_name":"World of Goop","player_choice":"Gather Gold","floor":2.0,"gold_loss":0.0,"damage_taken":11.0},{"damage_healed":0,"gold_gain":0,"player_choice":"Fought Bandits","damage_taken":0,"max_hp_gain":0,"max_hp_loss":0,"event_name":"Masked Bandits","floor":19,"gold_loss":0}],"is_beta":false,"boss_relics":[{"not_picked":["Velvet Choker","Black Star"],"picked":"Cursed Key"}],"items_purged_floors":[],"is_endless":false,"potions_floor_spawned":[4,12,16,18],"killed_by":"Masked Bandits","ascension_level":16}