{"gold_per_floor":[118,134,134,99,112,142,142,154,154,154,12,45,45,59,59,160,160,178,178,126,86,97,122,122,141,141,141,141,173,19,37,37,142,142,162,162,10,27,27,27,53,53,53,11,11,36,36,56,56,56],"floor_reached":51,"playtime":2512,"items_purged":[],"score":933,"play_id":"3dcde599-cb4a-4c8f-9fbd-4ab345f31d52","local_time":"20190603211022","is_ascension_mode":true,"campfire_choices":[{"floor":7.0,"key":"REST"},{"floor":10.0,"key":"REST"},{"data":"Burst","floor":13.0,"key":"SMITH"},{"data":"Catalyst","floor":15.0,"key":"SMITH"},{"floor":24,"key":"REST"},{"data":"Jack Of All Trades","floor":27,"key":"SMITH"},{"floor":32,"key":"REST"},{"floor":40,"key":"REST"},{"floor":42,"key":"REST"},{"floor":45,"key":"REST"},{"floor":47,"key":"REST"},{"floor":49,"key":"REST"}],"neow_cost":"NONE","seed_source_timestamp":712765343401040,"circlet_count":0,"master_deck":["Defend_G","Defend_G","Defend_G","Defend_G","Strike_G","Strike_G","Strike_G","Strike_G","Strike_G","Survivor","Neutralize","Caltrops","Backstab","Corpse Explosion","Caltrops","Footwork","Catalyst+1","Escape Plan","Deadly Poison","Jack Of All Trades+1","Burst+1","Deadly Poison","Die Die Die","All Out Attack+1","Backflip+1","Crippling Poison","Dagger Spray+1","Poisoned Stab","Apotheosis","Envenom","Riddle With Holes","Night Terror","Deadly Poison","Metamorphosis","Backstab","Impatience","Footwork+1","Backflip+1","Wraith Form v2","Poisoned Stab","Poisoned Stab+1","Escape Plan+1","Poisoned Stab+1","Expertise"],"special_seed":0,"relics":["Ring of the Snake","NeowsBlessing","Paper Crane","Darkstone Periapt","Omamori","Lizard Tail","FossilizedHelix","Pear","The Courier","Dream Catcher","Fusion Hammer","Centennial Puzzle","Snake Skull","Boot"],"potions_floor_usage":[18,22,23,23,50,50,50],"damage_taken":[{"damage":0.0,"enemies":"Small Slimes","floor":1.0,"turns":1.0},{"damage":0.0,"enemies":"Cultist","floor":2.0,"turns":1.0},{"damage":0.0,"enemies":"2 Louse","floor":5.0,"turns":1.0},{"damage":20.0,"enemies":"Lagavulin","floor":6.0,"turns":8.0},{"damage":18.0,"enemies":"Exordium Thugs","floor":8.0,"turns":4.0},{"damage":5.0,"enemies":"3 Sentries","floor":12.0,"turns":2.0},{"damage":5.0,"enemies":"Large Slime","floor":14.0,"turns":4.0},{"damage":42.0,"enemies":"Slime Boss","floor":16.0,"turns":6.0},{"damage":17,"enemies":"Spheric Guardian","floor":18,"turns":5},{"damage":0,"enemies":"Chosen","floor":22,"turns":4},{"damage":13,"enemies":"Slavers","floor":23,"turns":4},{"damage":7,"enemies":"Centurion and Healer","floor":25,"turns":5},{"damage":35,"enemies":"Book of Stabbing","floor":29,"turns":4},{"damage":11,"enemies":"Snecko","floor":31,"turns":6},{"damage":27,"enemies":"Champ","floor":33,"turns":6},{"damage":19,"enemies":"3 Darklings","floor":35,"turns":2},{"damage":0,"enemies":"3 Shapes","floor":38,"turns":4},{"damage":34,"enemies":"Nemesis","floor":41,"turns":5},{"damage":36,"enemies":"Reptomancer","floor":46,"turns":5},{"damage":7,"enemies":"3 Darklings","floor":48,"turns":3},{"damage":73,"enemies":"Awakened One","floor":50,"turns":12}],"seed_played":"-6164258674875258610","potions_obtained":[{"floor":1.0,"key":"GamblersBrew"},{"floor":8.0,"key":"SkillPotion"},{"floor":12.0,"key":"Ancient Potion"},{"floor":14.0,"key":"Fire Potion"},{"floor":21,"key":"Explosive Potion"},{"floor":33,"key":"EssenceOfSteel"},{"floor":35,"key":"Poison Potion"},{"floor":46,"key":"Weak Potion"},{"floor":48,"key":"LiquidBronze"}],"is_trial":false,"path_per_floor":["M","M","?","$","M","E","R","M","T","R","$","E","R","M","R","B",null,"M","?","$","?","M","E","R","M","T","R","?","E","$","M","R","B",null,"M","?","$","M","?","R","E","R","T","$","R","E","R","M","R","B",null],"character_chosen":"THE_SILENT","items_purchased":["Caltrops","Deadly Poison","Jack Of All Trades","PowerPotion","Apotheosis","Metamorphosis","Poisoned Stab"],"campfire_rested":9,"item_purchase_floors":[4,11,11,20,30,37,44],"current_hp_per_floor":[70,70,70,70,70,50,70,52,52,70,70,65,65,60,60,18,70,53,53,53,53,53,40,61,54,64,64,64,29,29,18,42,15,80,61,61,61,61,61,80,46,70,70,70,80,44,68,61,80,7],"gold":56,"neow_bonus":"THREE_ENEMY_KILL","is_prod":false,"is_daily":false,"chose_seed":false,"campfire_upgraded":3,"win_rate":0,"timestamp":1559585422,"path_taken":["M","M","?","$","M","E","R","M","T","R","$","E","R","?","R","BOSS","M","?","$","?","M","E","R","?","T","R","?","E","?","M","R","BOSS","M","?","$","M","?","R","E","R","T","$","R","E","R","M","R","BOSS"],"build_version":"2019-01-23","purchased_purges":0,"victory":true,"max_hp_per_floor":[70,70,70,70,70,70,70,70,70,70,70,70,70,70,70,70,70,70,70,70,70,70,70,70,70,80,80,80,80,80,80,80,80,80,80,80,80,80,80,80,80,80,80,80,80,80,80,80,80,80],"card_choices":[{"not_picked":["Dodge and Roll","Outmaneuver"],"picked":"Caltrops","floor":1.0},{"not_picked":["Acrobatics","Caltrops"],"picked":"Backstab","floor":2.0},{"not_picked":["Dagger Throw","Dodge and Roll"],"picked":"Footwork","floor":5.0},{"not_picked":["Accuracy","Blade Dance"],"picked":"Catalyst","floor":6.0},{"not_picked":["Heel Hook","Dagger Spray"],"picked":"Escape Plan","floor":8.0},{"not_picked":["Underhanded Strike","Prepared"],"picked":"Burst","floor":12.0},{"not_picked":["Blade Dance","Sucker Punch"],"picked":"Deadly Poison","floor":14.0},{"not_picked":["Grand Finale","Glass Knife"],"picked":"Die Die Die","floor":16.0},{"not_picked":["PiercingWail","Outmaneuver+1"],"picked":"All Out Attack+1","floor":18},{"not_picked":["Sucker Punch+1","Terror+1"],"picked":"Backflip+1","floor":22},{"not_picked":["Dagger Spray","Dodge and Roll"],"picked":"Crippling Poison","floor":23},{"not_picked":["Accuracy","Leg Sweep+1"],"picked":"Dagger Spray+1","floor":25},{"not_picked":["Dodge and Roll","Well Laid Plans"],"picked":"Poisoned Stab","floor":29},{"not_picked":["Prepared","PiercingWail"],"picked":"Envenom","floor":31},{"not_picked":["Skewer","PiercingWail"],"picked":"Riddle With Holes","floor":32},{"not_picked":["Adrenaline","Grand Finale"],"picked":"Night Terror","floor":33},{"not_picked":["Blade Dance","Setup+1"],"picked":"Deadly Poison","floor":35},{"not_picked":["Dagger Spray","Cloak And Dagger"],"picked":"Backstab","floor":38},{"not_picked":["Metamorphosis","Blind"],"picked":"Impatience","floor":39},{"not_picked":["Prepared+1","Predator+1"],"picked":"Footwork+1","floor":40},{"not_picked":["Terror","Dodge and Roll+1"],"picked":"Backflip+1","floor":41},{"not_picked":["Dodge and Roll","Leg Sweep+1"],"picked":"Wraith Form v2","floor":42},{"not_picked":["Quick Slash","Bane"],"picked":"Poisoned Stab+1","floor":45},{"not_picked":["PiercingWail","Dodge and Roll"],"picked":"Escape Plan+1","floor":46},{"not_picked":["Sucker Punch+1","Endless Agony"],"picked":"Poisoned Stab+1","floor":47},{"not_picked":["Flying Knee","Dagger Throw+1"],"picked":"Expertise","floor":48}],"player_experience":1453363,"relics_obtained":[{"floor":6.0,"key":"Paper Crane"},{"floor":9.0,"key":"Darkstone Periapt"},{"floor":12.0,"key":"Omamori"},{"floor":23,"key":"FossilizedHelix"},{"floor":26,"key":"Pear"},{"floor":29,"key":"Dream Catcher"},{"floor":41,"key":"Centennial Puzzle"},{"floor":43,"key":"Snake Skull"},{"floor":46,"key":"Boot"}],"event_choices":[{"damage_healed":0.0,"max_hp_gain":0.0,"max_hp_loss":0.0,"gold_gain":0.0,"cards_transformed":["Defend_G"],"event_name":"Transmorgrifier","player_choice":"Transformed","floor":3.0,"gold_loss":0.0,"damage_taken":0.0,"cards_obtained":["Corpse Explosion"]},{"damage_healed":0,"gold_gain":0,"player_choice":"Smashed Altar","damage_taken":0,"max_hp_gain":0,"max_hp_loss":0,"event_name":"Forgotten Altar","floor":19,"gold_loss":0,"cards_obtained":["Decay"]},{"damage_healed":0,"gold_gain":0,"player_choice":"Bought 3 Potions","damage_taken":0,"max_hp_gain":0,"max_hp_loss":0,"event_name":"The Woman in Blue","floor":21,"gold_loss":0},{"damage_healed":0,"gold_gain":0,"player_choice":"Stole Relic","damage_taken":0,"relics_obtained":["The Courier"],"max_hp_gain":0,"max_hp_loss":0,"event_name":"Addict","floor":28,"gold_loss":0,"cards_obtained":["Shame"]},{"damage_healed":0,"gold_gain":0,"player_choice":"Ignored","damage_taken":0,"max_hp_gain":0,"max_hp_loss":0,"event_name":"Tomb of Lord Red Mask","floor":36,"gold_loss":0},{"damage_healed":0,"gold_gain":0,"player_choice":"Memory 1","damage_taken":0,"max_hp_gain":0,"max_hp_loss":0,"event_name":"SensoryStone","floor":39,"gold_loss":0}],"is_beta":false,"boss_relics":[{"not_picked":["White Beast Statue","Snecko Eye"],"picked":"Lizard Tail"},{"not_picked":["Coffee Dripper","Astrolabe"],"picked":"Fusion Hammer"}],"items_purged_floors":[],"is_endless":false,"potions_floor_spawned":[1,8,12,14,33,35,46,48],"ascension_level":3}