{"gold_per_floor":[111,111,111,111,126,170,170,201,201,214,214,3,3,24,24,123,123,148,167,167,167,191,191,229,229,229,104,124,164,164,164,164,260,260,278,9,342,342,115,149,149,66,66,66,96,96,128,146,146,146,146,146,146,21,46,46],"floor_reached":56,"playtime":2759,"items_purged":["Pain","Bite","Doubt"],"score":2025,"play_id":"d30d9347-a5b4-428d-934d-89c968b8c4ba","local_time":"20190713191512","is_ascension_mode":true,"campfire_choices":[{"floor":7.0,"key":"REST"},{"floor":13.0,"key":"REST"},{"floor":15.0,"key":"REST"},{"data":"Coolheaded","floor":23.0,"key":"SMITH"},{"data":"Barrage","floor":25.0,"key":"SMITH"},{"data":"Consume","floor":30.0,"key":"SMITH"},{"data":"Sweeping Beam","floor":32.0,"key":"SMITH"},{"data":"Dualcast","floor":41.0,"key":"SMITH"},{"floor":44.0,"key":"RECALL"},{"data":"Echo Form","floor":46.0,"key":"SMITH"},{"data":"Multi-Cast","floor":49.0,"key":"SMITH"},{"data":"Bite","floor":53.0,"key":"SMITH"}],"neow_cost":"NONE","seed_source_timestamp":60476802525600,"circlet_count":0,"master_deck":["AscendersBane","Defend_B+1","Defend_B+1","Defend_B+1","Defend_B+1","Zap","Dualcast+1","Echo Form+1","Sweeping Beam+1","Barrage+1","Loop+1","Cold Snap","Coolheaded+1","Bite+1","Bite","Bite","Defragment+1","Consume+1","Electrodynamics+1","Creative AI+1","Defragment+1","Multi-Cast+1","Defragment+1"],"special_seed":0,"relics":["Cracked Core","WarpedTongs","WingedGreaves","Frozen Egg 2","Symbiotic Virus","Busted Crown","Darkstone Periapt","Bag of Preparation","Cursed Key","Runic Capacitor","Dream Catcher","Gambling Chip","Singing Bowl","Shuriken","Orichalcum"],"potions_floor_usage":[],"damage_taken":[{"damage":2.0,"enemies":"Jaw Worm","floor":1.0,"turns":5.0},{"damage":10.0,"enemies":"2 Louse","floor":5.0,"turns":3.0},{"damage":27.0,"enemies":"Lagavulin","floor":6.0,"turns":7.0},{"damage":33.0,"enemies":"3 Sentries","floor":8.0,"turns":7.0},{"damage":6.0,"enemies":"Small Slimes","floor":10.0,"turns":3.0},{"damage":17.0,"enemies":"Exordium Thugs","floor":14.0,"turns":4.0},{"damage":18.0,"enemies":"Slime Boss","floor":16.0,"turns":5.0},{"damage":35.0,"enemies":"3 Byrds","floor":18.0,"turns":5.0},{"damage":19.0,"enemies":"2 Thieves","floor":19.0,"turns":4.0},{"damage":9.0,"enemies":"Centurion and Healer","floor":22.0,"turns":10.0},{"damage":21.0,"enemies":"Gremlin Leader","floor":24.0,"turns":7.0},{"damage":20.0,"enemies":"3 Cultists","floor":28.0,"turns":6.0},{"damage":42.0,"enemies":"Book of Stabbing","floor":29.0,"turns":5.0},{"damage":59.0,"enemies":"Automaton","floor":33.0,"turns":9.0},{"damage":0.0,"enemies":"3 Shapes","floor":35.0,"turns":2.0},{"damage":0.0,"enemies":"Giant Head","floor":40.0,"turns":8.0},{"damage":29.0,"enemies":"Reptomancer","floor":45.0,"turns":6.0},{"damage":9.0,"enemies":"Giant Head","floor":47.0,"turns":10.0},{"damage":5.0,"enemies":"Orb Walker","floor":48.0,"turns":4.0},{"damage":48.0,"enemies":"Time Eater","floor":50.0,"turns":22.0},{"damage":59.0,"enemies":"Awakened One","floor":51.0,"turns":20.0},{"damage":56.0,"enemies":"Shield and Spear","floor":55.0,"turns":17.0},{"damage":107,"enemies":"The Heart","floor":56,"turns":3}],"seed_played":"3703903580627845535","potions_obtained":[{"floor":5.0,"key":"FearPotion"},{"floor":16.0,"key":"Regen Potion"},{"floor":19.0,"key":"SpeedPotion"},{"floor":28.0,"key":"Block Potion"},{"floor":40.0,"key":"Explosive Potion"},{"floor":47.0,"key":"AttackPotion"}],"is_trial":false,"path_per_floor":["M","?","?","?","M","E","R","E","T","M","?","$","R","M","R","B",null,"M","M","?","?","M","R","E","R","T","$","M","E","R","?","R","B",null,"M","$","?","?","$","E","R","$","T","R","E","R","E","M","R","B","B",null,"R","$","E","B"],"character_chosen":"DEFECT","items_purchased":["Cold Snap","FocusPotion","Defragment+1","Consume","Creative AI+1","Runic Capacitor","Defragment+1"],"campfire_rested":3,"item_purchase_floors":[12,12,27,27,36,39,42],"current_hp_per_floor":[62,62,62,62,52,25,44,11,11,5,5,5,24,7,26,8,50,15,8,8,8,44,44,44,44,44,44,40,7,7,54,54,27,47,47,47,47,47,47,54,54,54,60,60,41,41,62,62,62,62,62,62,62,62,63,0],"gold":46,"neow_bonus":"ONE_RANDOM_RARE_CARD","is_prod":false,"is_daily":false,"chose_seed":false,"campfire_upgraded":8,"win_rate":0,"timestamp":1563012912,"path_taken":["M","?","?","?","M","E","R","E","T","?","?","$","R","M","R","BOSS","M","M","?","?","?","R","E","R","T","$","M","E","R","?","R","BOSS","M","$","?","?","$","E","R","?","T","R","E","R","E","M","R","BOSS","BOSS","R","$","E","BOSS"],"build_version":"2019-07-05","purchased_purges":3,"victory":false,"max_hp_per_floor":[71,71,64,64,64,64,64,64,64,64,64,64,64,64,64,64,64,64,64,64,44,44,44,44,44,44,44,44,44,44,54,54,54,54,54,54,54,54,54,54,54,54,60,60,62,62,62,62,62,62,62,62,62,62,64,64],"card_choices":[{"not_picked":["Compile Driver","Recycle","Aggregate"],"picked":"SKIP","floor":1.0},{"not_picked":["Blizzard","Go for the Eyes"],"picked":"Sweeping Beam","floor":5.0},{"not_picked":["Redo","Recycle"],"picked":"Barrage","floor":6.0},{"not_picked":["Beam Cell","Chaos","Sweeping Beam"],"picked":"SKIP","floor":8.0},{"not_picked":["Capacitor+1","Ball Lightning"],"picked":"Loop+1","floor":10.0},{"not_picked":["Stack","Rebound"],"picked":"Coolheaded","floor":14.0},{"not_picked":["Creative AI+1","Thunder Strike"],"picked":"Buffer+1","floor":16.0},{"not_picked":["Compile Driver"],"picked":"SKIP","floor":18.0},{"not_picked":["Rip and Tear"],"picked":"SKIP","floor":19.0},{"not_picked":["Steam"],"picked":"SKIP","floor":22.0},{"not_picked":["Compile Driver+1"],"picked":"SKIP","floor":24.0},{"not_picked":["BootSequence"],"picked":"SKIP","floor":28.0},{"not_picked":["Streamline"],"picked":"SKIP","floor":29.0},{"not_picked":[],"picked":"Electrodynamics+1","floor":33.0},{"not_picked":["Sunder"],"picked":"SKIP","floor":35.0},{"not_picked":["Stack+1"],"picked":"SKIP","floor":40.0},{"not_picked":["Beam Cell+1"],"picked":"Singing Bowl","floor":45.0},{"not_picked":[],"picked":"Multi-Cast","floor":47.0},{"not_picked":[],"picked":"Defragment+1","floor":48.0},{"not_picked":["Rebound"],"picked":"Singing Bowl","floor":55.0}],"player_experience":1007535,"relics_obtained":[{"floor":6.0,"key":"WingedGreaves"},{"floor":8.0,"key":"Frozen Egg 2"},{"floor":9.0,"key":"Symbiotic Virus"},{"floor":24.0,"key":"Darkstone Periapt"},{"floor":29.0,"key":"Bag of Preparation"},{"floor":40.0,"key":"Dream Catcher"},{"floor":43.0,"key":"Gambling Chip"},{"floor":45.0,"key":"Singing Bowl"},{"floor":47.0,"key":"Shuriken"},{"floor":55.0,"key":"Orichalcum"}],"event_choices":[{"damage_healed":0.0,"max_hp_gain":0.0,"max_hp_loss":0.0,"gold_gain":0.0,"event_name":"Liars Game","player_choice":"Ignored","floor":2.0,"gold_loss":0.0,"damage_taken":0.0},{"damage_healed":0.0,"max_hp_gain":0.0,"max_hp_loss":7.0,"gold_gain":0.0,"event_name":"Golden Idol","player_choice":"Lose Max HP","floor":3.0,"gold_loss":0.0,"damage_taken":0.0,"relics_obtained":["Golden Idol"]},{"damage_healed":0.0,"max_hp_gain":0.0,"max_hp_loss":0.0,"gold_gain":0.0,"event_name":"Accursed Blacksmith","player_choice":"Rummage","floor":4.0,"gold_loss":0.0,"damage_taken":0.0,"relics_obtained":["WarpedTongs"],"cards_obtained":["Pain"]},{"damage_healed":0.0,"max_hp_gain":0.0,"max_hp_loss":0.0,"gold_gain":0.0,"event_name":"Shining Light","player_choice":"Ignored","floor":11.0,"gold_loss":0.0,"damage_taken":0.0},{"damage_healed":0.0,"max_hp_gain":0.0,"max_hp_loss":0.0,"gold_gain":0.0,"event_name":"Back to Basics","player_choice":"Simplicity","floor":20.0,"gold_loss":0.0,"damage_taken":0.0,"cards_upgraded":["Strike_B","Strike_B","Strike_B","Strike_B","Defend_B","Defend_B","Defend_B","Defend_B"]},{"damage_healed":0.0,"max_hp_gain":0.0,"max_hp_loss":20.0,"gold_gain":0.0,"event_name":"Vampires","player_choice":"Became a vampire","floor":21.0,"gold_loss":0.0,"damage_taken":0.0,"cards_obtained":["Bite","Bite","Bite","Bite","Bite"]},{"cards_removed":["Buffer"],"damage_healed":37.0,"max_hp_gain":10.0,"max_hp_loss":0.0,"gold_gain":0.0,"event_name":"Bonfire Elementals","player_choice":"Offered Rare","floor":31.0,"gold_loss":0.0,"damage_taken":0.0},{"damage_healed":0.0,"max_hp_gain":0.0,"max_hp_loss":0.0,"gold_gain":333.0,"event_name":"The Moai Head","player_choice":"Gave Idol","floor":37.0,"relics_lost":["Golden Idol"],"gold_loss":0.0,"damage_taken":0.0},{"cards_removed":["Bite"],"damage_healed":0.0,"max_hp_gain":0.0,"max_hp_loss":0.0,"gold_gain":0.0,"event_name":"Falling","player_choice":"Removed Attack","floor":38.0,"gold_loss":0.0,"damage_taken":0.0}],"is_beta":false,"boss_relics":[{"not_picked":["Runic Pyramid","Eternal Feather"],"picked":"Busted Crown"},{"not_picked":["Lizard Tail","Velvet Choker"],"picked":"Cursed Key"}],"items_purged_floors":[12,36,54],"is_endless":false,"potions_floor_spawned":[5,16,19,28,40,47],"killed_by":"The Heart","ascension_level":20}