{"gold_per_floor":[116,116,141,161,5,5,41,65,65,65,65,80,120,133,133,229,229,242,242,13,13,28,28,59,85,122,134,146,158,183,216,228,240],"floor_reached":33,"playtime":1739,"items_purged":["Injury"],"score":574,"play_id":"73c9f65b-fa93-4c8e-80b3-4da98bdafb5b","local_time":"20190726154257","is_ascension_mode":true,"campfire_choices":[{"floor":6.0,"key":"REST"},{"floor":10.0,"key":"REST"},{"floor":15,"key":"DIG"},{"data":"Magnetism","floor":23,"key":"SMITH"},{"floor":28,"key":"REST"},{"floor":32,"key":"REST"}],"neow_cost":"NONE","seed_source_timestamp":594756052781125,"circlet_count":0,"master_deck":["AscendersBane","Strike_G","Strike_G","Strike_G","Strike_G","Strike_G","Defend_G","Defend_G","Defend_G","Defend_G","Survivor+1","Neutralize","Dagger Throw","Backflip+1","Masterful Stab","All Out Attack","Quick Slash","Unload","Dash","Dagger Spray","Storm of Steel","Distraction","Calculated Gamble","Magnetism+1","PiercingWail","Dagger Spray","PiercingWail+1","PiercingWail","Catalyst"],"special_seed":0,"relics":["Ring of the Snake","Bag of Marbles","Golden Idol","Sundial","Shovel","Dead Branch","Letter Opener","Black Star","MawBank","Kunai","War Paint"],"potions_floor_usage":[13,16,16,24,30,33],"damage_taken":[{"damage":0.0,"enemies":"Small Slimes","floor":1.0,"turns":5.0},{"damage":11.0,"enemies":"Jaw Worm","floor":3.0,"turns":3.0},{"damage":0.0,"enemies":"Cultist","floor":4.0,"turns":3.0},{"damage":25.0,"enemies":"Lagavulin","floor":7.0,"turns":7.0},{"damage":0.0,"enemies":"3 Louse","floor":8.0,"turns":1.0},{"damage":0.0,"enemies":"Red Slaver","floor":12.0,"turns":2.0},{"damage":0,"enemies":"Gremlin Nob","floor":13,"turns":3},{"damage":3,"enemies":"Large Slime","floor":14,"turns":5},{"damage":15,"enemies":"Hexaghost","floor":16,"turns":7},{"damage":18,"enemies":"Spheric Guardian","floor":18,"turns":4},{"damage":0,"enemies":"2 Thieves","floor":22,"turns":1},{"damage":12,"enemies":"Book of Stabbing","floor":24,"turns":6},{"damage":33,"enemies":"Snake Plant","floor":25,"turns":5},{"damage":23,"enemies":"Cultist and Chosen","floor":30,"turns":6},{"damage":8,"enemies":"Centurion and Healer","floor":31,"turns":5},{"damage":42,"enemies":"Champ","floor":33,"turns":10}],"seed_played":"6241890111855042353","potions_obtained":[{"floor":4.0,"key":"PowerPotion"},{"floor":7.0,"key":"EssenceOfSteel"},{"floor":8.0,"key":"PowerPotion"},{"floor":14,"key":"Poison Potion"},{"floor":18,"key":"SpeedPotion"},{"floor":25,"key":"FearPotion"},{"floor":31,"key":"SkillPotion"}],"is_trial":false,"path_per_floor":["M","?","M","M","$","R","E","M","T","R","?","M","E","M","R","B",null,"M","$","$","?","M","R","E","M","T","?","R","?","M","M","R","B"],"character_chosen":"THE_SILENT","items_purchased":["Masterful Stab","Calculated Gamble","Magnetism"],"campfire_rested":4,"item_purchase_floors":[5,20,20],"current_hp_per_floor":[59,59,48,48,48,66,41,41,41,60,60,60,60,57,57,42,60,42,42,42,66,66,66,54,21,21,21,40,53,30,22,41,0],"gold":240,"neow_bonus":"RANDOM_COMMON_RELIC","is_prod":false,"is_daily":false,"chose_seed":false,"campfire_upgraded":1,"win_rate":0,"timestamp":1564144977,"path_taken":["M","?","M","M","$","R","E","M","T","R","?","M","E","M","R","BOSS","M","?","$","?","?","R","E","M","T","?","R","?","M","M","R","BOSS"],"build_version":"2019-07-17","purchased_purges":1,"victory":false,"max_hp_per_floor":[66,66,66,66,66,66,66,66,66,66,66,66,66,66,66,66,66,66,66,66,66,66,66,66,66,66,66,66,66,66,66,66,66],"card_choices":[{"not_picked":["Dagger Spray","Flechettes"],"picked":"Dagger Throw","floor":1.0},{"not_picked":["Bane","Crippling Poison"],"picked":"Backflip","floor":3.0},{"not_picked":["Slice","Night Terror","Sucker Punch"],"picked":"SKIP","floor":4.0},{"not_picked":["Outmaneuver","Flying Knee"],"picked":"All Out Attack","floor":7.0},{"not_picked":["Riddle With Holes","Blur"],"picked":"Quick Slash","floor":8.0},{"not_picked":["Cloak And Dagger","Flying Knee"],"picked":"Dash","floor":12.0},{"not_picked":["Dagger Spray","Dodge and Roll"],"picked":"Escape Plan","floor":13},{"not_picked":["Dodge and Roll","Setup"],"picked":"Dagger Spray","floor":14},{"not_picked":["Wraith Form v2","Malaise"],"picked":"Storm of Steel","floor":16},{"not_picked":["Acrobatics","Leg Sweep+1"],"picked":"Distraction","floor":18},{"not_picked":["Underhanded Strike+1","Bane"],"picked":"PiercingWail","floor":22},{"not_picked":["Deadly Poison","Sucker Punch"],"picked":"Dagger Spray","floor":24},{"not_picked":["Expertise","Riddle With Holes"],"picked":"PiercingWail+1","floor":25},{"not_picked":["Bane","Footwork"],"picked":"PiercingWail","floor":30},{"not_picked":["Slice","Predator"],"picked":"Catalyst","floor":31}],"player_experience":1662148,"relics_obtained":[{"floor":7.0,"key":"Sundial"},{"floor":9.0,"key":"Shovel"},{"floor":13,"key":"Dead Branch"},{"floor":15,"key":"Letter Opener"},{"floor":24,"key":"MawBank"},{"floor":24,"key":"Kunai"},{"floor":26,"key":"War Paint"}],"event_choices":[{"damage_healed":0.0,"max_hp_gain":0.0,"max_hp_loss":0.0,"gold_gain":0.0,"event_name":"Golden Idol","player_choice":"Take Wound","floor":2.0,"gold_loss":0.0,"damage_taken":0.0,"relics_obtained":["Golden Idol"],"cards_obtained":["Injury"]},{"damage_healed":0.0,"max_hp_gain":0.0,"max_hp_loss":0.0,"gold_gain":0.0,"cards_transformed":["Defend_G"],"event_name":"Transmorgrifier","player_choice":"Transformed","floor":11.0,"gold_loss":0.0,"damage_taken":0.0,"cards_obtained":["Unload"]},{"cards_removed":["Escape Plan"],"damage_healed":24,"gold_gain":0,"player_choice":"Offered Uncommon","damage_taken":0,"max_hp_gain":0,"max_hp_loss":0,"event_name":"Bonfire Elementals","floor":21,"gold_loss":0},{"damage_healed":0,"gold_gain":0,"player_choice":"Ignored","damage_taken":0,"max_hp_gain":0,"max_hp_loss":0,"event_name":"Vampires","floor":27,"gold_loss":0},{"damage_healed":13,"gold_gain":0,"player_choice":"Heal","damage_taken":0,"max_hp_gain":0,"max_hp_loss":0,"event_name":"The Library","floor":29,"gold_loss":0}],"is_beta":false,"boss_relics":[{"not_picked":["Velvet Choker","Snecko Eye"],"picked":"Black Star"}],"items_purged_floors":[5],"is_endless":false,"potions_floor_spawned":[4,7,8,14,18,25,31],"killed_by":"Champ","ascension_level":18}