{"gold_per_floor":[112,125,125,125,0,0,28,28,28,61,74,6,6,22,22,99,99,115,132,132,142,21,49,59,88,114,114,127,158,158,168,168,243,243,258,21,21,21,38,38,67,67,67,96,96,15,15,30,30,30],"floor_reached":51,"playtime":3210,"items_purged":["Strike_G"],"score":1348,"play_id":"2219f741-bbd1-4683-8786-59cfef13de1d","local_time":"20190513161758","is_ascension_mode":true,"campfire_choices":[{"data":"Crippling Poison","floor":6,"key":"SMITH"},{"data":"Bouncing Flask","floor":8,"key":"SMITH"},{"data":"Footwork","floor":13,"key":"SMITH"},{"data":"Catalyst","floor":15,"key":"SMITH"},{"data":"Corpse Explosion","floor":27,"key":"SMITH"},{"data":"Neutralize","floor":32,"key":"SMITH"},{"data":"Burst","floor":40,"key":"SMITH"},{"data":"Noxious Fumes","floor":42,"key":"SMITH"},{"data":"PiercingWail","floor":49,"key":"SMITH"}],"neow_cost":"NONE","seed_source_timestamp":103466550786393,"circlet_count":0,"master_deck":["AscendersBane","Defend_G","Defend_G","Defend_G","Defend_G","Defend_G","Strike_G","Strike_G","Survivor","Neutralize+1","PiercingWail","Crippling Poison+1","Crippling Poison","Dodge and Roll","Sucker Punch","Bouncing Flask+1","Catalyst+1","Escape Plan","Footwork+1","Blur","Corpse Explosion+1","Backflip","Caltrops","Acrobatics","PiercingWail+1","Deflect","Burst+1","Noxious Fumes+1","Finesse","Dodge and Roll","Bouncing Flask","Writhe"],"relics":["Ring of the Snake","NeowsBlessing","Mercury Hourglass","Meat on the Bone","Nunchaku","Busted Crown","Snake Skull","Mango","PreservedInsect","Red Mask","White Beast Statue","ClockworkSouvenir","Bag of Preparation","Ornamental Fan","Blue Candle"],"potions_floor_usage":[10,21,23,25,29,33,41,44,45,50,50],"damage_taken":[{"damage":0,"enemies":"2 Louse","floor":1,"turns":1},{"damage":0,"enemies":"Small Slimes","floor":2,"turns":1},{"damage":0,"enemies":"Lagavulin","floor":7,"turns":1},{"damage":1,"enemies":"3 Sentries","floor":10,"turns":5},{"damage":0,"enemies":"Cultist","floor":11,"turns":4},{"damage":1,"enemies":"Looter","floor":14,"turns":4},{"damage":5,"enemies":"Hexaghost","floor":16,"turns":9},{"damage":5,"enemies":"Shell Parasite","floor":18,"turns":5},{"damage":0,"enemies":"Spheric Guardian","floor":19,"turns":3},{"damage":13,"enemies":"Snecko","floor":21,"turns":5},{"damage":8,"enemies":"Gremlin Leader","floor":23,"turns":6},{"damage":10,"enemies":"Sentry and Sphere","floor":24,"turns":5},{"damage":6,"enemies":"Book of Stabbing","floor":25,"turns":7},{"damage":0,"enemies":"3 Cultists","floor":28,"turns":2},{"damage":7,"enemies":"Masked Bandits","floor":29,"turns":3},{"damage":4,"enemies":"Snecko","floor":31,"turns":4},{"damage":20,"enemies":"Champ","floor":33,"turns":14},{"damage":0,"enemies":"3 Shapes","floor":35,"turns":3},{"damage":2,"enemies":"Orb Walker","floor":39,"turns":3},{"damage":11,"enemies":"Giant Head","floor":41,"turns":6},{"damage":0,"enemies":"Nemesis","floor":44,"turns":7},{"damage":2,"enemies":"3 Darklings","floor":45,"turns":2},{"damage":22,"enemies":"Writhing Mass","floor":48,"turns":5},{"damage":22,"enemies":"Awakened One","floor":50,"turns":14}],"seed_played":"7604856815304948596","potions_obtained":[{"floor":1,"key":"SpeedPotion"},{"floor":7,"key":"Swift Potion"},{"floor":14,"key":"Regen Potion"},{"floor":20,"key":"PowerPotion"},{"floor":24,"key":"EssenceOfSteel"},{"floor":25,"key":"GhostInAJar"},{"floor":28,"key":"Dexterity Potion"},{"floor":35,"key":"Ancient Potion"},{"floor":39,"key":"FearPotion"},{"floor":41,"key":"Weak Potion"},{"floor":44,"key":"SmokeBomb"},{"floor":48,"key":"SpeedPotion"}],"is_trial":false,"path_per_floor":["M","M","?","?","$","R","E","R","T","E","M","$","R","M","R","B",null,"M","M","?","M","$","E","M","E","T","R","M","?","?","M","R","B",null,"M","$","?","?","M","R","E","R","T","E","M","$","?","M","R","B",null],"character_chosen":"THE_SILENT","items_purchased":["PowerPotion","Dodge and Roll","Sucker Punch","Footwork","PiercingWail","Noxious Fumes","ClockworkSouvenir","Bouncing Flask"],"campfire_rested":0,"item_purchase_floors":[5,5,5,12,22,36,36,46],"current_hp_per_floor":[59,59,59,59,59,59,59,59,59,58,58,58,58,57,57,52,63,58,58,58,59,59,51,41,49,49,49,49,42,42,50,50,42,71,71,71,71,71,69,69,58,58,58,58,56,56,76,54,54,44],"gold":30,"neow_bonus":"THREE_ENEMY_KILL","is_prod":false,"is_daily":false,"chose_seed":false,"campfire_upgraded":9,"win_rate":0,"timestamp":1557757078,"path_taken":["M","M","?","?","$","R","E","R","T","E","M","$","R","M","R","BOSS","M","M","?","M","$","E","?","E","T","R","M","?","?","M","R","BOSS","M","$","?","?","M","R","E","R","T","E","M","$","?","M","R","BOSS"],"build_version":"2019-01-23","purchased_purges":1,"victory":true,"max_hp_per_floor":[66,66,66,66,66,66,66,66,66,66,66,66,66,66,66,66,66,66,66,66,66,66,66,66,80,80,80,80,80,80,80,80,80,80,80,80,80,80,80,80,80,80,80,80,80,80,80,80,80,80],"card_choices":[{"not_picked":["Underhanded Strike","Dodge and Roll"],"picked":"PiercingWail","floor":1},{"not_picked":["Slice","Distraction"],"picked":"Crippling Poison","floor":2},{"not_picked":["Backflip","Blur"],"picked":"Bouncing Flask","floor":7},{"not_picked":["Masterful Stab","Reflex"],"picked":"Catalyst","floor":10},{"not_picked":["Underhanded Strike","Prepared"],"picked":"Escape Plan","floor":11},{"not_picked":["Expertise","Calculated Gamble"],"picked":"Blur","floor":14},{"not_picked":["After Image","Envenom"],"picked":"Corpse Explosion","floor":16},{"not_picked":[],"picked":"Backflip","floor":18},{"not_picked":[],"picked":"Caltrops","floor":19},{"not_picked":[],"picked":"Acrobatics","floor":21},{"not_picked":["Caltrops+1"],"picked":"SKIP","floor":24},{"not_picked":[],"picked":"Deflect","floor":28},{"not_picked":[],"picked":"Burst","floor":33},{"not_picked":[],"picked":"Finesse","floor":37},{"not_picked":[],"picked":"Dodge and Roll","floor":44}],"player_experience":849852,"relics_obtained":[{"floor":7,"key":"Mercury Hourglass"},{"floor":9,"key":"Meat on the Bone"},{"floor":10,"key":"Nunchaku"},{"floor":23,"key":"Snake Skull"},{"floor":25,"key":"Mango"},{"floor":26,"key":"PreservedInsect"},{"floor":29,"key":"Red Mask"},{"floor":41,"key":"Bag of Preparation"},{"floor":43,"key":"Ornamental Fan"},{"floor":44,"key":"Blue Candle"}],"event_choices":[{"damage_healed":0,"gold_gain":0,"player_choice":"Ignored","damage_taken":0,"max_hp_gain":0,"max_hp_loss":0,"event_name":"Golden Wing","floor":3,"gold_loss":0},{"damage_healed":0,"gold_gain":0,"cards_transformed":["Strike_G"],"player_choice":"Change","damage_taken":0,"max_hp_gain":0,"max_hp_loss":0,"event_name":"Living Wall","floor":4,"gold_loss":0,"cards_obtained":["Crippling Poison"]},{"damage_healed":0,"gold_gain":0,"player_choice":"Got Potions","damage_taken":0,"max_hp_gain":0,"max_hp_loss":0,"event_name":"Lab","floor":20,"gold_loss":0},{"damage_healed":0,"gold_gain":0,"player_choice":"Fought Bandits","damage_taken":0,"max_hp_gain":0,"max_hp_loss":0,"event_name":"Masked Bandits","floor":29,"gold_loss":0},{"damage_healed":0,"gold_gain":0,"player_choice":"Ignored","damage_taken":0,"max_hp_gain":0,"max_hp_loss":0,"event_name":"Ghosts","floor":30,"gold_loss":0},{"damage_healed":0,"gold_gain":0,"player_choice":"Memory 1","damage_taken":0,"max_hp_gain":0,"max_hp_loss":0,"event_name":"SensoryStone","floor":37,"gold_loss":0},{"cards_removed":["Strike_G"],"damage_healed":0,"gold_gain":0,"player_choice":"Removed Attack","damage_taken":0,"max_hp_gain":0,"max_hp_loss":0,"event_name":"Falling","floor":38,"gold_loss":0},{"damage_healed":20,"gold_gain":0,"player_choice":"Writhe","damage_taken":0,"max_hp_gain":0,"max_hp_loss":0,"event_name":"Winding Halls","floor":47,"gold_loss":0,"cards_obtained":["Writhe"]}],"is_beta":false,"boss_relics":[{"not_picked":["Sozu","Astrolabe"],"picked":"Busted Crown"},{"not_picked":["Velvet Choker","Empty Cage"],"picked":"White Beast Statue"}],"items_purged_floors":[22],"is_endless":false,"potions_floor_spawned":[1,7,14,16,18,24,25,28,35,39,41,44,45,48],"ascension_level":14}