{"gold_per_floor":[114,134,18,35,35,62,62,87,135,49,66,98,398,429,429,501,501,517,139,149,149,160,160,110,125,125,125,144,170,170,195,195,269,269,284,284,303,303,317,349,349,362,362,362],"floor_reached":44,"playtime":1440,"items_purged":["Searing Blow"],"score":1012,"play_id":"52ae9fdb-bc4c-4e9e-9a98-a2ebdfabceaa","local_time":"20190620161833","is_ascension_mode":true,"campfire_choices":[{"data":"Carnage","floor":7,"key":"SMITH"},{"floor":15,"key":"REST"},{"data":"Armaments","floor":23,"key":"SMITH"},{"floor":27,"key":"REST"},{"data":"Armaments","floor":30,"key":"SMITH"},{"data":"Demon Form","floor":32,"key":"SMITH"},{"floor":41,"key":"RECALL"}],"neow_cost":"CURSE","seed_source_timestamp":67242683439500,"circlet_count":0,"master_deck":["AscendersBane","Bash","Clumsy","Sword Boomerang","Corruption","Carnage+1","Spot Weakness","Flame Barrier","Anger","Armaments+1","Evolve","Entrench","Flame Barrier","Juggernaut","Immolate","Armaments+1","Carnage","Ghostly Armor","True Grit","Shockwave","Sword Boomerang","Demon Form+1","Fiend Fire","Burning Pact","Body Slam","Ghostly","Ghostly","Ghostly","Power Through","Disarm","Demon Form"],"relics":["Burning Blood","Champion Belt","Gremlin Horn","Potion Belt","Vajra","Blood Vial","Old Coin","Centennial Puzzle","Pandora\u0027s Box","Singing Bowl","Blue Candle","Mummified Hand","Busted Crown","Girya","Darkstone Periapt"],"potions_floor_usage":[8,12,25,31,33,40,44],"damage_taken":[{"damage":15,"enemies":"Cultist","floor":1,"turns":4},{"damage":9,"enemies":"Jaw Worm","floor":2,"turns":2},{"damage":0,"enemies":"Small Slimes","floor":4,"turns":2},{"damage":25,"enemies":"Lagavulin","floor":6,"turns":8},{"damage":26,"enemies":"Gremlin Nob","floor":8,"turns":4},{"damage":5,"enemies":"Red Slaver","floor":11,"turns":3},{"damage":5,"enemies":"3 Sentries","floor":12,"turns":7},{"damage":20,"enemies":"Lagavulin","floor":14,"turns":6},{"damage":28,"enemies":"Slime Boss","floor":16,"turns":8},{"damage":23,"enemies":"Chosen","floor":18,"turns":5},{"damage":25,"enemies":"Shell Parasite","floor":20,"turns":6},{"damage":19,"enemies":"Shelled Parasite and Fungi","floor":22,"turns":3},{"damage":15,"enemies":"Sentry and Sphere","floor":25,"turns":6},{"damage":1,"enemies":"Snecko","floor":28,"turns":6},{"damage":5,"enemies":"Gremlin Leader","floor":29,"turns":5},{"damage":3,"enemies":"Book of Stabbing","floor":31,"turns":4},{"damage":42,"enemies":"Collector","floor":33,"turns":9},{"damage":7,"enemies":"3 Shapes","floor":35,"turns":5},{"damage":12,"enemies":"Orb Walker","floor":37,"turns":5},{"damage":19,"enemies":"Maw","floor":39,"turns":8},{"damage":11,"enemies":"Reptomancer","floor":40,"turns":5},{"damage":11,"enemies":"3 Darklings","floor":42,"turns":3},{"damage":52,"enemies":"Nemesis","floor":44,"turns":6}],"seed_played":"-2778628828916976387","potions_obtained":[{"floor":1,"key":"Strength Potion"},{"floor":4,"key":"GamblersBrew"},{"floor":11,"key":"Block Potion"},{"floor":16,"key":"GamblersBrew"},{"floor":28,"key":"Energy Potion"},{"floor":31,"key":"LiquidBronze"},{"floor":37,"key":"Regen Potion"},{"floor":39,"key":"Ancient Potion"},{"floor":40,"key":"Regen Potion"}],"is_trial":false,"path_per_floor":["M","M","$","M","?","E","R","E","T","$","M","E","T","E","R","B",null,"M","$","M","?","M","R","?","M","T","R","M","E","R","E","R","B",null,"M","?","M","?","M","E","R","M","T","E"],"character_chosen":"IRONCLAD","items_purchased":["Carnage","Spot Weakness","Evolve","Singing Bowl","Burning Pact"],"campfire_rested":2,"item_purchase_floors":[3,3,10,19,19],"current_hp_per_floor":[59,56,56,62,62,43,43,23,23,23,24,25,25,13,35,15,60,45,45,28,28,19,19,19,14,14,26,35,38,38,43,43,7,34,37,33,31,31,22,35,35,34,34,0],"gold":362,"neow_bonus":"ONE_RARE_RELIC","is_prod":false,"is_daily":false,"chose_seed":false,"campfire_upgraded":4,"win_rate":0,"timestamp":1561015113,"path_taken":["M","?","$","M","?","E","R","E","T","$","M","E","?","E","R","BOSS","M","$","?","?","M","R","?","?","T","R","M","E","R","E","R","BOSS","M","?","M","?","M","E","R","M","T","E"],"build_version":"2019-01-23","purchased_purges":1,"victory":false,"max_hp_per_floor":[75,75,75,75,75,75,75,75,75,75,75,75,75,75,75,75,75,75,75,75,37,39,39,39,41,41,41,43,43,43,43,43,43,43,45,51,53,53,55,57,57,59,59,59],"card_choices":[{"not_picked":["Seeing Red","Wild Strike"],"picked":"Sword Boomerang","floor":1},{"not_picked":["Body Slam","Iron Wave"],"picked":"Corruption","floor":2},{"not_picked":["Anger","Sentinel"],"picked":"Flame Barrier","floor":4},{"not_picked":["Heavy Blade","Clash"],"picked":"Anger","floor":6},{"not_picked":["True Grit","Iron Wave"],"picked":"Armaments","floor":8},{"not_picked":["Rupture","Fire Breathing"],"picked":"Entrench","floor":11},{"not_picked":["Shrug It Off","Warcry"],"picked":"Flame Barrier","floor":12},{"not_picked":["Warcry","Ghostly Armor"],"picked":"Juggernaut","floor":14},{"not_picked":["Fiend Fire","Double Tap"],"picked":"Immolate","floor":16},{"not_picked":["Perfected Strike","Rupture","Twin Strike"],"picked":"SKIP","floor":18},{"not_picked":["Rupture","Flex"],"picked":"Body Slam","floor":20},{"not_picked":["Havoc","Pommel Strike","Metallicize"],"picked":"Singing Bowl","floor":22},{"not_picked":["Warcry","Whirlwind","Clash"],"picked":"Singing Bowl","floor":25},{"not_picked":["Carnage","Uppercut","Flex"],"picked":"Singing Bowl","floor":28},{"not_picked":["Demon Form","Clash"],"picked":"Power Through","floor":29},{"not_picked":["Anger","Searing Blow"],"picked":"Disarm","floor":31},{"not_picked":["Double Tap","Immolate"],"picked":"Demon Form","floor":33},{"not_picked":["Ghostly Armor"],"picked":"Singing Bowl","floor":35},{"not_picked":["PanicButton"],"picked":"Singing Bowl","floor":36},{"not_picked":["Secret Weapon"],"picked":"Singing Bowl","floor":36},{"not_picked":["Mayhem"],"picked":"Singing Bowl","floor":36},{"not_picked":["Headbutt"],"picked":"Singing Bowl","floor":37},{"not_picked":["Thunderclap"],"picked":"Singing Bowl","floor":39},{"not_picked":["Sword Boomerang"],"picked":"Singing Bowl","floor":40},{"not_picked":["Headbutt"],"picked":"Singing Bowl","floor":42}],"player_experience":705597,"relics_obtained":[{"floor":6,"key":"Gremlin Horn"},{"floor":8,"key":"Potion Belt"},{"floor":9,"key":"Vajra"},{"floor":12,"key":"Blood Vial"},{"floor":13,"key":"Old Coin"},{"floor":14,"key":"Centennial Puzzle"},{"floor":29,"key":"Blue Candle"},{"floor":31,"key":"Mummified Hand"},{"floor":40,"key":"Girya"},{"floor":43,"key":"Darkstone Periapt"}],"event_choices":[{"damage_healed":0,"gold_gain":0,"cards_transformed":["Strike_R"],"player_choice":"Change","damage_taken":0,"max_hp_gain":0,"max_hp_loss":0,"event_name":"Living Wall","floor":5,"gold_loss":0,"cards_obtained":["Searing Blow"]},{"damage_healed":0,"gold_gain":0,"player_choice":"Became a Ghost","damage_taken":0,"max_hp_gain":0,"max_hp_loss":38,"event_name":"Ghosts","floor":21,"gold_loss":0,"cards_obtained":["Ghostly","Ghostly","Ghostly"]},{"damage_healed":0,"gold_gain":0,"player_choice":"Bet on Murderer","damage_taken":0,"max_hp_gain":0,"max_hp_loss":0,"event_name":"The Joust","floor":24,"gold_loss":50},{"damage_healed":0,"gold_gain":0,"player_choice":"Memory 3","damage_taken":10,"max_hp_gain":0,"max_hp_loss":0,"event_name":"SensoryStone","floor":36,"gold_loss":0},{"damage_healed":0,"gold_gain":0,"player_choice":"Ignored","damage_taken":0,"max_hp_gain":0,"max_hp_loss":0,"event_name":"Tomb of Lord Red Mask","floor":38,"gold_loss":0}],"is_beta":false,"boss_relics":[{"not_picked":["Cursed Key","Eternal Feather"],"picked":"Pandora\u0027s Box"},{"not_picked":["Velvet Choker","Tiny House"],"picked":"Busted Crown"}],"items_purged_floors":[19],"is_endless":false,"potions_floor_spawned":[1,4,11,16,28,31,37,39,40],"killed_by":"Nemesis","ascension_level":20}