{"gold_per_floor":[119,119,119,269,282,313,313,313,365,365,377,135,169,169,169,169],"floor_reached":16,"playtime":308,"items_purged":["Strike_R"],"score":262,"play_id":"17895b71-4c85-4c3c-ba66-75226bd1c40b","local_time":"20190612194228","is_ascension_mode":true,"campfire_choices":[{"data":"Bash","floor":8,"key":"SMITH"},{"data":"Sword Boomerang","floor":10,"key":"SMITH"},{"data":"Flame Barrier","floor":15,"key":"SMITH"}],"neow_cost":"NONE","seed_source_timestamp":366866032391500,"circlet_count":0,"master_deck":["AscendersBane","Strike_R","Strike_R","Strike_R+1","Defend_R","Defend_R+1","Defend_R","Defend_R","Bash+1","Pommel Strike","Sword Boomerang+1","Flame Barrier+1","Feed"],"relics":["Burning Blood","NeowsBlessing","Happy Flower","Nunchaku","Pen Nib","Juzu Bracelet"],"potions_floor_usage":[13,16],"damage_taken":[{"damage":0,"enemies":"2 Louse","floor":1,"turns":1},{"damage":2,"enemies":"Small Slimes","floor":5,"turns":2},{"damage":0,"enemies":"Lagavulin","floor":6,"turns":1},{"damage":7,"enemies":"Jaw Worm","floor":11,"turns":3},{"damage":10,"enemies":"3 Sentries","floor":13,"turns":9},{"damage":26,"enemies":"Hexaghost","floor":16,"turns":9}],"seed_played":"-4787029353781065597","potions_obtained":[{"floor":1,"key":"Dexterity Potion"},{"floor":5,"key":"AttackPotion"},{"floor":11,"key":"AttackPotion"}],"is_trial":false,"path_per_floor":["M","?","?","?","M","E","?","R","T","R","M","$","E","?","R","B"],"character_chosen":"IRONCLAD","items_purchased":["Juzu Bracelet"],"campfire_rested":0,"item_purchase_floors":[12],"current_hp_per_floor":[74,74,56,56,60,66,59,59,59,59,58,58,54,31,31,5],"gold":169,"neow_bonus":"THREE_ENEMY_KILL","is_prod":false,"is_daily":false,"chose_seed":false,"campfire_upgraded":3,"win_rate":0,"timestamp":1560336148,"path_taken":["M","?","?","?","M","E","?","R","T","R","M","$","E","?","R","BOSS"],"build_version":"2019-01-23","purchased_purges":1,"victory":false,"max_hp_per_floor":[75,75,75,75,75,75,75,75,75,75,75,75,75,75,75,75],"card_choices":[{"not_picked":["True Grit","Fire Breathing"],"picked":"Pommel Strike","floor":1},{"not_picked":["Pommel Strike","Ghostly Armor"],"picked":"Flame Barrier","floor":5},{"not_picked":["Uppercut","Sword Boomerang","Twin Strike"],"picked":"SKIP","floor":6},{"not_picked":["Uppercut","Sword Boomerang","Twin Strike"],"picked":"SKIP","floor":6},{"not_picked":["Armaments","Power Through","Clash"],"picked":"SKIP","floor":11},{"not_picked":["Seeing Red","Bloodletting"],"picked":"Feed","floor":13}],"player_experience":614691,"relics_obtained":[{"floor":6,"key":"Nunchaku"},{"floor":9,"key":"Pen Nib"}],"event_choices":[{"damage_healed":0,"gold_gain":0,"cards_transformed":["Strike_R"],"player_choice":"Change","damage_taken":0,"max_hp_gain":0,"max_hp_loss":0,"event_name":"Living Wall","floor":2,"gold_loss":0,"cards_obtained":["Sword Boomerang"]},{"damage_healed":0,"gold_gain":0,"player_choice":"Success","damage_taken":18,"relics_obtained":["Happy Flower"],"max_hp_gain":0,"max_hp_loss":0,"event_name":"Scrap Ooze","floor":3,"gold_loss":0},{"damage_healed":0,"gold_gain":150,"player_choice":"AGREE","damage_taken":0,"max_hp_gain":0,"max_hp_loss":0,"event_name":"Liars Game","floor":4,"gold_loss":0,"cards_obtained":["Doubt"]},{"cards_removed":["Doubt"],"damage_healed":0,"gold_gain":0,"player_choice":"Card Removal","damage_taken":7,"max_hp_gain":0,"max_hp_loss":0,"event_name":"Golden Wing","floor":7,"gold_loss":0},{"damage_healed":0,"gold_gain":0,"player_choice":"Entered Light","damage_taken":23,"max_hp_gain":0,"max_hp_loss":0,"event_name":"Shining Light","floor":14,"gold_loss":0,"cards_upgraded":["Strike_R","Defend_R"]}],"is_beta":false,"boss_relics":[],"items_purged_floors":[12],"is_endless":false,"potions_floor_spawned":[1,5,11],"killed_by":"Hexaghost","ascension_level":20}