{"gold_per_floor":[362,362,362,27,27,27,40,40,122,143,143,176,176,251,251,349,349,367,367,383,207,207,207,207],"floor_reached":24,"playtime":710,"items_purged":["Regret","Strike_B"],"score":380,"play_id":"000061a8-ff16-4b17-85ce-ac8c55ec2810","local_time":"20190624152253","is_ascension_mode":true,"campfire_choices":[{"floor":6,"key":"REST"},{"data":"Streamline","floor":8,"key":"SMITH"},{"data":"Coolheaded","floor":11,"key":"SMITH"},{"floor":13,"key":"REST"},{"data":"Loop","floor":15,"key":"SMITH"},{"floor":23,"key":"REST"}],"neow_cost":"PERCENT_DAMAGE","seed_source_timestamp":179112148144100,"circlet_count":0,"master_deck":["AscendersBane","Strike_B","Strike_B","Strike_B","Defend_B","Defend_B","Defend_B","Defend_B","Zap","Dualcast","Self Repair","Coolheaded+1","Streamline+1","Ball Lightning","Cold Snap","Loop+1","Machine Learning","Fission","Consume+1"],"relics":["Cracked Core","Blood Vial","Golden Idol","Runic Capacitor","Prayer Wheel","Matryoshka","Ancient Tea Set","Fusion Hammer"],"potions_floor_usage":[16,16,20],"damage_taken":[{"damage":7,"enemies":"Cultist","floor":1,"turns":4},{"damage":1,"enemies":"2 Louse","floor":7,"turns":3},{"damage":7,"enemies":"Jaw Worm","floor":10,"turns":4},{"damage":33,"enemies":"Lagavulin","floor":12,"turns":6},{"damage":31,"enemies":"The Guardian","floor":16,"turns":12},{"damage":19,"enemies":"Spheric Guardian","floor":18,"turns":4},{"damage":24,"enemies":"Chosen","floor":20,"turns":7},{"damage":34,"enemies":"Shelled Parasite and Fungi","floor":24,"turns":3}],"seed_played":"4604868214346018498","potions_obtained":[{"floor":1,"key":"EntropicBrew"},{"floor":7,"key":"Regen Potion"},{"floor":18,"key":"Block Potion"}],"is_trial":false,"path_per_floor":["M","?","?","$","?","R","M","R","T","M","R","E","R","?","R","B",null,"M","$","M","$","?","R","M"],"character_chosen":"DEFECT","items_purchased":["Runic Capacitor","Self Repair","Consume"],"campfire_rested":3,"item_purchase_floors":[4,4,21],"current_hp_per_floor":[39,39,39,39,13,32,40,40,40,42,42,18,37,26,26,19,53,43,43,28,28,28,47,15],"gold":207,"neow_bonus":"TWO_FIFTY_GOLD","is_prod":false,"is_daily":false,"chose_seed":false,"campfire_upgraded":3,"win_rate":0,"timestamp":1561357373,"path_taken":["M","?","?","$","?","R","M","R","T","M","R","E","R","?","R","BOSS","M","$","M","$","?","R","?"],"build_version":"2019-01-23","purchased_purges":2,"victory":false,"max_hp_per_floor":[71,71,64,64,64,64,64,64,64,64,64,64,64,64,64,64,64,64,64,64,64,64,64,64],"card_choices":[{"not_picked":["Doom and Gloom","Redo","Rebound"],"picked":"SKIP","floor":1},{"not_picked":["Steam Power","Rebound"],"picked":"Coolheaded","floor":7},{"not_picked":["Beam Cell","Heatsinks"],"picked":"Streamline","floor":7},{"not_picked":["Leap","Gash"],"picked":"Ball Lightning","floor":10},{"not_picked":["Streamline","Sweeping Beam"],"picked":"Cold Snap","floor":10},{"not_picked":["Meteor Strike","Beam Cell"],"picked":"Loop","floor":12},{"not_picked":["All For One","Thunder Strike"],"picked":"Machine Learning","floor":16},{"not_picked":["Stack+1","Chaos","Melter"],"picked":"SKIP","floor":18},{"not_picked":["Barrage","Reinforced Body","Sweeping Beam"],"picked":"SKIP","floor":18},{"not_picked":["Redo","Ball Lightning"],"picked":"Fission","floor":20},{"not_picked":["Hologram","Streamline","Scrape"],"picked":"SKIP","floor":20}],"player_experience":785115,"relics_obtained":[{"floor":9,"key":"Matryoshka"},{"floor":12,"key":"Ancient Tea Set"}],"event_choices":[{"damage_healed":0,"gold_gain":0,"player_choice":"Box","damage_taken":0,"relics_obtained":["Blood Vial"],"max_hp_gain":0,"max_hp_loss":0,"event_name":"Big Fish","floor":2,"gold_loss":0,"cards_obtained":["Regret"]},{"damage_healed":0,"gold_gain":0,"player_choice":"Lose Max HP","damage_taken":0,"relics_obtained":["Golden Idol"],"max_hp_gain":0,"max_hp_loss":7,"event_name":"Golden Idol","floor":3,"gold_loss":0},{"damage_healed":0,"gold_gain":0,"player_choice":"Success","damage_taken":26,"relics_obtained":["Prayer Wheel"],"max_hp_gain":0,"max_hp_loss":0,"event_name":"Scrap Ooze","floor":5,"gold_loss":0},{"damage_healed":0,"gold_gain":75,"player_choice":"Gather Gold","damage_taken":11,"max_hp_gain":0,"max_hp_loss":0,"event_name":"World of Goop","floor":14,"gold_loss":0},{"damage_healed":0,"gold_gain":0,"player_choice":"Upgraded","damage_taken":0,"max_hp_gain":0,"max_hp_loss":0,"event_name":"Upgrade Shrine","floor":22,"gold_loss":0,"cards_upgraded":["Consume"]}],"is_beta":false,"boss_relics":[{"not_picked":["Calling Bell","Busted Crown"],"picked":"Fusion Hammer"}],"items_purged_floors":[4,21],"is_endless":false,"potions_floor_spawned":[1,7,12,18],"killed_by":"Shelled Parasite and Fungi","ascension_level":20}