{"gold_per_floor":[110,35,55,31,50,50,79,79,79,143,143,103,114,128,128,128],"floor_reached":16,"playtime":290,"items_purged":[],"score":200,"play_id":"3a9d87c7-65a0-4713-bef8-df7bc78d5d2b","local_time":"20190628013749","is_ascension_mode":true,"campfire_choices":[{"data":"Perfected Strike","floor":6,"key":"SMITH"},{"data":"Bash","floor":8,"key":"SMITH"},{"data":"Dual Wield","floor":15,"key":"SMITH"}],"neow_cost":"CURSE","seed_source_timestamp":85160455850800,"circlet_count":0,"master_deck":["AscendersBane","Strike_R","Strike_R","Strike_R","Strike_R","Strike_R","Defend_R","Defend_R","Defend_R","Defend_R","Bash+1","Twin Strike","Shrug It Off","Perfected Strike+1","True Grit","Feed","Seeing Red","Dual Wield+1"],"relics":["Burning Blood","Incense Burner","Ornamental Fan","The Courier","Bag of Marbles"],"potions_floor_usage":[5,10,14,16,16],"damage_taken":[{"damage":14,"enemies":"2 Louse","floor":1,"turns":4},{"damage":3,"enemies":"Jaw Worm","floor":3,"turns":3},{"damage":11,"enemies":"Cultist","floor":5,"turns":4},{"damage":32,"enemies":"Gremlin Nob","floor":7,"turns":4},{"damage":8,"enemies":"Gremlin Nob","floor":10,"turns":4},{"damage":15,"enemies":"Exordium Thugs","floor":13,"turns":6},{"damage":0,"enemies":"Blue Slaver","floor":14,"turns":1},{"damage":48,"enemies":"Hexaghost","floor":16,"turns":9}],"seed_played":"3901416476738895804","potions_obtained":[{"floor":1,"key":"Regen Potion"},{"floor":3,"key":"BloodPotion"},{"floor":12,"key":"Poison Potion"},{"floor":12,"key":"Explosive Potion"},{"floor":14,"key":"BloodPotion"}],"is_trial":false,"path_per_floor":["M","?","M","$","M","R","E","R","T","?","?","?","M","M","R","B"],"character_chosen":"IRONCLAD","items_purchased":["Shrug It Off"],"campfire_rested":0,"item_purchase_floors":[4],"current_hp_per_floor":[60,60,63,63,65,65,39,39,39,49,49,49,43,49,49,8],"gold":128,"neow_bonus":"ONE_RARE_RELIC","is_prod":false,"is_daily":false,"chose_seed":false,"campfire_upgraded":3,"win_rate":0,"timestamp":1561653469,"path_taken":["M","?","M","?","?","R","E","R","T","?","?","?","M","?","R","BOSS"],"build_version":"2019-01-23","purchased_purges":0,"victory":false,"max_hp_per_floor":[75,75,75,75,75,75,75,75,75,75,75,75,78,78,78,78],"card_choices":[{"not_picked":["Perfected Strike","Hemokinesis","Flex"],"picked":"SKIP","floor":1},{"not_picked":["Iron Wave","True Grit"],"picked":"Twin Strike","floor":3},{"not_picked":["Shrug It Off","Intimidate"],"picked":"Perfected Strike","floor":5},{"not_picked":["Clothesline","Rupture"],"picked":"True Grit","floor":7},{"not_picked":["Cleave","Second Wind"],"picked":"Feed","floor":10},{"not_picked":["Heavy Blade","Cleave"],"picked":"Seeing Red","floor":13},{"not_picked":["Power Through","Carnage"],"picked":"Dual Wield","floor":14}],"player_experience":856812,"relics_obtained":[{"floor":7,"key":"Ornamental Fan"},{"floor":9,"key":"The Courier"},{"floor":10,"key":"Bag of Marbles"}],"event_choices":[{"cards_removed":["Shame"],"damage_healed":0,"gold_gain":0,"player_choice":"Card Removal","damage_taken":0,"max_hp_gain":0,"max_hp_loss":0,"event_name":"The Cleric","floor":2,"gold_loss":75},{"damage_healed":0,"gold_gain":0,"player_choice":"Searched \u00272\u0027 times","damage_taken":0,"max_hp_gain":0,"max_hp_loss":0,"event_name":"Dead Adventurer","floor":10,"gold_loss":0},{"damage_healed":0,"gold_gain":0,"player_choice":"Ignored","damage_taken":0,"max_hp_gain":0,"max_hp_loss":0,"event_name":"Liars Game","floor":11,"gold_loss":0},{"damage_healed":0,"gold_gain":0,"player_choice":"Bought 3 Potions","damage_taken":0,"max_hp_gain":0,"max_hp_loss":0,"event_name":"The Woman in Blue","floor":12,"gold_loss":0}],"is_beta":false,"boss_relics":[],"items_purged_floors":[],"is_endless":false,"potions_floor_spawned":[1,3,14],"killed_by":"Hexaghost","ascension_level":20}