{"gold_per_floor":[119,43,43,53,328,358,358,388,388,134,168,187,201,235,235,309,309,320,332,332,24,24,24,51,51,98,98,70,70,81,92,92,165,165,177,195,245,145,158,184,195,229,254,268,268,268,180,280,280,280,280,280,280,33,59,59],"floor_reached":57,"playtime":2535,"items_purged":["Regret","Body Slam"],"score":2787,"play_id":"ec71a16a-dafd-4452-95c5-025442262fb0","local_time":"20190610112859","is_ascension_mode":true,"campfire_choices":[{"data":"Carnage","floor":7,"key":"SMITH"},{"data":"Armaments","floor":15,"key":"SMITH"},{"data":"Limit Break","floor":23,"key":"SMITH"},{"data":"Demon Form","floor":25,"key":"SMITH"},{"data":"Limit Break","floor":32,"key":"SMITH"},{"data":"Limit Break","floor":46,"key":"SMITH"},{"floor":49,"key":"RECALL"},{"data":"Feel No Pain","floor":53,"key":"SMITH"}],"neow_cost":"NONE","seed_source_timestamp":162211653182300,"circlet_count":0,"master_deck":["AscendersBane","Bash","Inflame","Carnage+1","Pommel Strike","Ghostly Armor","Feel No Pain+1","Limit Break+1","Reaper","Armaments+1","Shrug It Off","Limit Break+1","Metallicize","Burning Pact","Demon Form+1","Body Slam","Flame Barrier","Warcry+1","Entrench","Flex","Fire Breathing","Feel No Pain","Reaper","Sword Boomerang","Shrug It Off","Whirlwind+1","Limit Break+1","Second Wind","Feel No Pain","Offering","Flame Barrier","True Grit","Evolve","Bludgeon"],"relics":["Burning Blood","NeowsBlessing","Mummified Hand","PreservedInsect","Gremlin Horn","Red Skull","Pandora\u0027s Box","DollysMirror","Oddly Smooth Stone","Bronze Scales","Snecko Eye","Omamori","Regal Pillow","Calipers","Art of War","Orichalcum"],"potions_floor_usage":[16,16,24,24,56,56],"damage_taken":[{"damage":0,"enemies":"Cultist","floor":1,"turns":1},{"damage":0,"enemies":"Jaw Worm","floor":4,"turns":1},{"damage":0,"enemies":"3 Sentries","floor":6,"turns":1},{"damage":36,"enemies":"Lagavulin","floor":8,"turns":5},{"damage":8,"enemies":"Gremlin Nob","floor":11,"turns":3},{"damage":0,"enemies":"2 Louse","floor":12,"turns":3},{"damage":7,"enemies":"Looter","floor":13,"turns":4},{"damage":15,"enemies":"Lagavulin","floor":14,"turns":5},{"damage":39,"enemies":"The Guardian","floor":16,"turns":7},{"damage":41,"enemies":"2 Thieves","floor":18,"turns":5},{"damage":30,"enemies":"Shell Parasite","floor":19,"turns":10},{"damage":63,"enemies":"Slavers","floor":24,"turns":5},{"damage":12,"enemies":"Snecko","floor":30,"turns":5},{"damage":14,"enemies":"Centurion and Healer","floor":31,"turns":5},{"damage":106,"enemies":"Collector","floor":33,"turns":10},{"damage":39,"enemies":"3 Darklings","floor":35,"turns":6},{"damage":16,"enemies":"Orb Walker","floor":36,"turns":4},{"damage":23,"enemies":"Writhing Mass","floor":39,"turns":5},{"damage":52,"enemies":"Nemesis","floor":40,"turns":7},{"damage":27,"enemies":"Sphere and 2 Shapes","floor":41,"turns":5},{"damage":74,"enemies":"Giant Head","floor":42,"turns":8},{"damage":58,"enemies":"Transient","floor":44,"turns":6},{"damage":54,"enemies":"Mind Bloom Boss Battle","floor":48,"turns":10},{"damage":105,"enemies":"Donu and Deca","floor":50,"turns":8},{"damage":66,"enemies":"Time Eater","floor":51,"turns":7},{"damage":61,"enemies":"Shield and Spear","floor":55,"turns":5},{"damage":72,"enemies":"The Heart","floor":56,"turns":9}],"seed_played":"7812014624532427227","potions_obtained":[{"floor":4,"key":"SteroidPotion"},{"floor":11,"key":"Weak Potion"},{"floor":13,"key":"Fire Potion"},{"floor":16,"key":"FearPotion"},{"floor":19,"key":"Dexterity Potion"},{"floor":33,"key":"Weak Potion"},{"floor":35,"key":"Block Potion"},{"floor":41,"key":"SteroidPotion"}],"is_trial":false,"path_per_floor":["M","$","?","M","?","E","R","E","T","$","E","M","M","E","R","B",null,"M","M","?","$","?","R","E","R","T","?","$","?","M","M","R","B",null,"M","M","?","$","M","E","M","E","T","M","?","R","$","?","R","B","B",null,"R","$","E","B",null],"character_chosen":"IRONCLAD","items_purchased":["Carnage","Limit Break","Feel No Pain","DollysMirror","Shrug It Off","Flame Barrier","Art of War","Evolve"],"campfire_rested":0,"item_purchase_floors":[2,10,21,21,28,47,54,54],"current_hp_per_floor":[74,74,79,80,80,80,80,50,50,50,48,54,53,44,44,33,68,33,34,34,34,34,34,39,39,39,16,16,16,43,85,85,85,85,85,75,67,67,84,85,85,85,85,85,85,85,85,85,85,64,85,85,85,85,76,85],"gold":59,"neow_bonus":"THREE_ENEMY_KILL","is_prod":false,"is_daily":false,"chose_seed":false,"campfire_upgraded":7,"win_rate":0,"timestamp":1560133739,"path_taken":["M","$","?","M","?","E","R","E","T","$","E","M","?","E","R","BOSS","M","?","?","$","?","R","E","R","T","?","?","?","M","M","R","BOSS","M","M","?","$","M","E","M","E","T","?","?","R","$","?","R","BOSS","BOSS","R","$","E","BOSS"],"build_version":"2019-01-23","purchased_purges":2,"victory":true,"max_hp_per_floor":[75,75,80,80,80,80,80,80,80,80,80,80,80,80,80,80,80,80,80,80,80,80,80,80,80,80,85,85,85,85,85,85,85,85,85,85,85,85,85,85,85,85,85,85,85,85,85,85,85,85,85,85,85,85,85,85],"card_choices":[{"not_picked":["Shrug It Off","Perfected Strike"],"picked":"Inflame","floor":1},{"not_picked":["Blood for Blood","Double Tap"],"picked":"Pommel Strike","floor":4},{"not_picked":["Pommel Strike","Uppercut"],"picked":"Ghostly Armor","floor":6},{"not_picked":["Anger","Burning Pact"],"picked":"Feel No Pain","floor":8},{"not_picked":["Iron Wave","Wild Strike","Warcry"],"picked":"SKIP","floor":11},{"not_picked":["Rampage","Dropkick"],"picked":"Reaper","floor":12},{"not_picked":["Clash","Wild Strike"],"picked":"Armaments","floor":13},{"not_picked":["Burning Pact","Flex"],"picked":"Shrug It Off","floor":14},{"not_picked":["Berserk","Brutality"],"picked":"Limit Break","floor":16},{"not_picked":["Shockwave+1","Sever Soul"],"picked":"Warcry+1","floor":18},{"not_picked":["Blood for Blood","Warcry"],"picked":"Entrench","floor":19},{"not_picked":["Rage+1","Metallicize"],"picked":"Sword Boomerang","floor":24},{"not_picked":["Wild Strike","Sever Soul","Cleave"],"picked":"SKIP","floor":30},{"not_picked":["Warcry","Havoc"],"picked":"Whirlwind+1","floor":31},{"not_picked":["Exhume","Bludgeon"],"picked":"Limit Break","floor":33},{"not_picked":["Thunderclap","Clothesline","Flex"],"picked":"SKIP","floor":35},{"not_picked":["Battle Trance","Iron Wave+1","Bloodletting+1"],"picked":"SKIP","floor":36},{"not_picked":["Havoc","Clash","Intimidate"],"picked":"SKIP","floor":39},{"not_picked":["Pummel+1","Warcry","Anger"],"picked":"SKIP","floor":40},{"not_picked":["Spot Weakness","Sentinel"],"picked":"Second Wind","floor":41},{"not_picked":["Anger+1","Havoc+1"],"picked":"Feel No Pain","floor":42},{"not_picked":["Sever Soul","Wild Strike+1"],"picked":"Offering","floor":44},{"not_picked":["Headbutt","Flex"],"picked":"True Grit","floor":48},{"not_picked":["Rage+1","Pommel Strike"],"picked":"Bludgeon","floor":55}],"player_experience":538450,"relics_obtained":[{"floor":6,"key":"Mummified Hand"},{"floor":8,"key":"PreservedInsect"},{"floor":9,"key":"Gremlin Horn"},{"floor":14,"key":"Red Skull"},{"floor":24,"key":"Oddly Smooth Stone"},{"floor":26,"key":"Bronze Scales"},{"floor":40,"key":"Omamori"},{"floor":42,"key":"Regal Pillow"},{"floor":48,"key":"Calipers"},{"floor":55,"key":"Orichalcum"}],"event_choices":[{"damage_healed":0,"gold_gain":0,"player_choice":"Donut","damage_taken":0,"max_hp_gain":5,"max_hp_loss":0,"event_name":"Big Fish","floor":3,"gold_loss":0},{"damage_healed":0,"gold_gain":275,"player_choice":"Desecrate","damage_taken":0,"max_hp_gain":0,"max_hp_loss":0,"event_name":"Golden Shrine","floor":5,"gold_loss":0,"cards_obtained":["Regret"]},{"damage_healed":0,"gold_gain":0,"cards_transformed":["Combust","Searing Blow"],"player_choice":"Became Test Subject","damage_taken":0,"max_hp_gain":0,"max_hp_loss":0,"event_name":"Drug Dealer","floor":20,"gold_loss":0,"cards_obtained":["Flex","Fire Breathing"]},{"damage_healed":0,"gold_gain":0,"player_choice":"Shed Blood","damage_taken":28,"max_hp_gain":5,"max_hp_loss":0,"event_name":"Forgotten Altar","floor":27,"gold_loss":0},{"damage_healed":0,"gold_gain":0,"player_choice":"Ignored","damage_taken":0,"max_hp_gain":0,"max_hp_loss":0,"event_name":"Cursed Tome","floor":29,"gold_loss":0},{"damage_healed":0,"gold_gain":50,"player_choice":"Touch","damage_taken":8,"max_hp_gain":0,"max_hp_loss":0,"event_name":"FaceTrader","floor":37,"gold_loss":0},{"cards_removed":["Twin Strike"],"damage_healed":0,"gold_gain":0,"player_choice":"Removed Attack","damage_taken":0,"max_hp_gain":0,"max_hp_loss":0,"event_name":"Falling","floor":45,"gold_loss":0},{"damage_healed":0,"gold_gain":0,"player_choice":"Fight","damage_taken":0,"max_hp_gain":0,"max_hp_loss":0,"event_name":"MindBloom","floor":48,"gold_loss":0}],"is_beta":false,"boss_relics":[{"not_picked":["Busted Crown","Black Blood"],"picked":"Pandora\u0027s Box"},{"not_picked":["White Beast Statue","Velvet Choker"],"picked":"Snecko Eye"}],"items_purged_floors":[10,38],"is_endless":false,"potions_floor_spawned":[4,11,13,16,19,33,35,39,41,48],"ascension_level":20}