{"gold_per_floor":[113,9,9,21,39,39,39,52,104,104,104],"floor_reached":11,"playtime":315,"items_purged":[],"score":126,"play_id":"c3c1c060-ef55-4f0e-be0d-9cf144acb296","local_time":"20190623170517","is_ascension_mode":true,"campfire_choices":[{"data":"Fission","floor":6,"key":"SMITH"}],"neow_cost":"NONE","seed_source_timestamp":99251061353700,"circlet_count":0,"master_deck":["AscendersBane","Strike_B","Strike_B","Strike_B","Strike_B","Defend_B","Defend_B","Defend_B","Defend_B","Zap","Dualcast","Fission+1","Coolheaded","Capacitor","Rip and Tear","Self Repair","Core Surge"],"relics":["Cracked Core","CultistMask","Happy Flower","Smiling Mask"],"potions_floor_usage":[],"damage_taken":[{"damage":4,"enemies":"Jaw Worm","floor":1,"turns":3},{"damage":5,"enemies":"Cultist","floor":4,"turns":4},{"damage":0,"enemies":"2 Louse","floor":5,"turns":2},{"damage":2,"enemies":"Looter","floor":8,"turns":3},{"damage":33,"enemies":"3 Sentries","floor":11,"turns":6}],"seed_played":"6924353377161802814","potions_obtained":[{"floor":5,"key":"FearPotion"},{"floor":8,"key":"LiquidBronze"}],"is_trial":false,"path_per_floor":["M","$","?","M","M","R","$","M","T","?","E"],"character_chosen":"DEFECT","items_purchased":["Coolheaded","Capacitor"],"campfire_rested":0,"item_purchase_floors":[2,2],"current_hp_per_floor":[60,60,60,55,55,55,55,60,60,42,9],"gold":104,"neow_bonus":"ONE_RANDOM_RARE_CARD","is_prod":false,"is_daily":false,"chose_seed":false,"campfire_upgraded":1,"win_rate":0,"timestamp":1561277117,"path_taken":["M","$","?","?","M","R","$","M","T","?","E"],"build_version":"2019-01-23","purchased_purges":0,"victory":false,"max_hp_per_floor":[71,71,71,71,71,71,71,71,71,71,71],"card_choices":[{"not_picked":["Steam","Auto Shields","Conserve Battery"],"picked":"SKIP","floor":1},{"not_picked":["Static Discharge","Beam Cell"],"picked":"Rip and Tear","floor":4},{"not_picked":["Rebound","Sweeping Beam"],"picked":"Self Repair","floor":5},{"not_picked":["Gash","Undo"],"picked":"Core Surge","floor":8}],"player_experience":767433,"relics_obtained":[{"floor":9,"key":"Happy Flower"}],"event_choices":[{"damage_healed":0,"gold_gain":0,"player_choice":"Trade","damage_taken":0,"relics_obtained":["CultistMask"],"max_hp_gain":0,"max_hp_loss":0,"event_name":"FaceTrader","floor":3,"gold_loss":0},{"damage_healed":0,"gold_gain":0,"player_choice":"Success","damage_taken":18,"relics_obtained":["Smiling Mask"],"max_hp_gain":0,"max_hp_loss":0,"event_name":"Scrap Ooze","floor":10,"gold_loss":0}],"is_beta":false,"boss_relics":[],"items_purged_floors":[],"is_endless":false,"potions_floor_spawned":[5,8],"killed_by":"3 Sentries","ascension_level":20}