{"gold_per_floor":[215,215,232,232,242,242,268,278,323,333,333,393,469,15,15,89,89,102,2,52,118,168,168,293,293,342,371,471,484,534],"floor_reached":30,"playtime":588,"items_purged":["Strike_R","Strike_R"],"score":621,"play_id":"5a49ff26-02b0-4c6e-8ddb-04e645506bc3","local_time":"20190213042833","is_ascension_mode":true,"campfire_choices":[{"data":"Whirlwind","floor":6,"key":"SMITH"},{"data":"Carnage","floor":15,"key":"SMITH"},{"data":"Sword Boomerang","floor":23,"key":"SMITH"},{"data":"Twin Strike","floor":25,"key":"SMITH"}],"neow_cost":"NONE","seed_source_timestamp":41257982213800,"circlet_count":0,"master_deck":["AscendersBane","Strike_R+1","Defend_R","Defend_R","Defend_R","Defend_R","Bash+1","Sword Boomerang+1","Whirlwind+1","Carnage+1","True Grit+1","Twin Strike+1","Shockwave+1"],"relics":["Burning Blood","Darkstone Periapt","Anchor","SsserpentHead","Regal Pillow","Oddly Smooth Stone","Strawberry","Philosopher\u0027s Stone","Toxic Egg 2","Juzu Bracelet","Whetstone"],"potions_floor_usage":[16,16,30],"damage_taken":[{"damage":11,"enemies":"2 Louse","floor":1,"turns":3},{"damage":14,"enemies":"Jaw Worm","floor":3,"turns":4},{"damage":6,"enemies":"Cultist","floor":5,"turns":3},{"damage":20,"enemies":"3 Sentries","floor":7,"turns":3},{"damage":11,"enemies":"Looter","floor":8,"turns":2},{"damage":4,"enemies":"Red Slaver","floor":10,"turns":3},{"damage":15,"enemies":"Exordium Wildlife","floor":12,"turns":3},{"damage":0,"enemies":"Slime Boss","floor":16,"turns":4},{"damage":8,"enemies":"3 Byrds","floor":18,"turns":3},{"damage":12,"enemies":"2 Thieves","floor":21,"turns":4},{"damage":54,"enemies":"Slavers","floor":27,"turns":5},{"damage":10,"enemies":"3 Cultists","floor":29,"turns":3},{"damage":14,"enemies":"Colosseum Slavers","floor":30,"turns":2}],"seed_played":"5694621329560400206","potions_obtained":[{"floor":1,"key":"Swift Potion"},{"floor":7,"key":"FearPotion"},{"floor":10,"key":"Explosive Potion"},{"floor":12,"key":"Fire Potion"},{"floor":16,"key":"Poison Potion"},{"floor":29,"key":"PowerPotion"}],"is_trial":false,"path_per_floor":["M","?","M","?","M","R","E","M","T","M","?","M","T","$","R","B",null,"M","$","?","M","?","R","T","R","T","E","?","M","?"],"character_chosen":"IRONCLAD","items_purchased":["Oddly Smooth Stone","Strawberry","SteroidPotion"],"campfire_rested":0,"item_purchase_floors":[14,14,14],"current_hp_per_floor":[63,63,55,55,55,55,41,36,36,38,38,29,29,36,36,42,72,70,70,70,64,64,64,64,64,64,16,16,12,0],"gold":534,"neow_bonus":"HUNDRED_GOLD","is_prod":false,"is_daily":false,"chose_seed":false,"campfire_upgraded":4,"win_rate":0,"timestamp":1550024913,"path_taken":["M","?","M","?","M","R","E","?","T","M","?","?","?","$","R","BOSS","M","$","?","?","?","R","?","R","T","E","?","M","?"],"build_version":"2019-01-23","purchased_purges":2,"victory":false,"max_hp_per_floor":[75,75,75,75,75,75,75,75,75,75,75,75,75,82,82,82,82,82,82,82,82,82,82,82,82,82,82,82,82,82],"card_choices":[{"not_picked":["Bloodletting","Pommel Strike"],"picked":"Sword Boomerang","floor":1},{"not_picked":["Anger","Blood for Blood","Fire Breathing"],"picked":"SKIP","floor":3},{"not_picked":["Armaments","Flame Barrier"],"picked":"Whirlwind","floor":5},{"not_picked":["Flame Barrier","Clothesline"],"picked":"Carnage","floor":7},{"not_picked":["Perfected Strike","Thunderclap","Intimidate"],"picked":"SKIP","floor":8},{"not_picked":["Anger","Warcry","Burning Pact"],"picked":"SKIP","floor":10},{"not_picked":["Dark Embrace","Flex","Iron Wave"],"picked":"SKIP","floor":12},{"not_picked":["Shockwave","Armaments"],"picked":"True Grit+1","floor":18},{"not_picked":["Burning Pact","Armaments","Wild Strike"],"picked":"SKIP","floor":21},{"not_picked":["Searing Blow","Flex+1"],"picked":"Shockwave+1","floor":27},{"not_picked":["Clash","Iron Wave","Whirlwind"],"picked":"SKIP","floor":29}],"player_experience":737701,"relics_obtained":[{"floor":7,"key":"Darkstone Periapt"},{"floor":9,"key":"Anchor"},{"floor":13,"key":"Regal Pillow"},{"floor":24,"key":"Toxic Egg 2"},{"floor":26,"key":"Juzu Bracelet"},{"floor":27,"key":"Whetstone"}],"event_choices":[{"damage_healed":0,"gold_gain":0,"player_choice":"Grow","damage_taken":0,"max_hp_gain":0,"max_hp_loss":0,"event_name":"Living Wall","floor":2,"gold_loss":0,"cards_upgraded":["Bash"]},{"cards_removed":["Strike_R"],"damage_healed":0,"gold_gain":0,"player_choice":"Purged","damage_taken":0,"max_hp_gain":0,"max_hp_loss":0,"event_name":"Purifier","floor":4,"gold_loss":0},{"damage_healed":0,"gold_gain":0,"player_choice":"Trade","damage_taken":0,"relics_obtained":["SsserpentHead"],"max_hp_gain":0,"max_hp_loss":0,"event_name":"FaceTrader","floor":11,"gold_loss":0},{"damage_healed":0,"gold_gain":0,"cards_transformed":["Strike_R"],"player_choice":"Transformed","damage_taken":0,"max_hp_gain":0,"max_hp_loss":0,"event_name":"Transmorgrifier","floor":20,"gold_loss":0,"cards_obtained":["Twin Strike"]},{"damage_healed":0,"gold_gain":0,"player_choice":"Ignored","damage_taken":0,"max_hp_gain":0,"max_hp_loss":0,"event_name":"Ghosts","floor":22,"gold_loss":0},{"damage_healed":0,"gold_gain":50,"player_choice":"Stole From Cult","damage_taken":0,"max_hp_gain":0,"max_hp_loss":0,"event_name":"Nest","floor":28,"gold_loss":0},{"damage_healed":0,"gold_gain":0,"player_choice":"Fight","damage_taken":0,"max_hp_gain":0,"max_hp_loss":0,"event_name":"Colosseum","floor":30,"gold_loss":0}],"is_beta":false,"boss_relics":[{"not_picked":["Runic Cube","Mark of Pain"],"picked":"Philosopher\u0027s Stone"}],"items_purged_floors":[14,19],"is_endless":false,"potions_floor_spawned":[1,7,10,12,16,29],"killed_by":"Colosseum Slavers","ascension_level":20}