{"gold_per_floor":[118,68,2,19,19,60,84,104,104,137,157,175,194,24,24,153,153,172,191,191,209,222,222,237,237,237,237,251,251,270,309,321,452,464,490,424,438,438,459,459,494,515,538,538],"floor_reached":44,"playtime":3580,"items_purged":[],"score":526,"play_id":"c18e90ce-ec5e-4369-901c-d6bbe5b4f332","local_time":"20181109014611","is_ascension_mode":false,"campfire_choices":[{"data":"Apotheosis","floor":15,"key":"SMITH"},{"data":"Double Energy","floor":23,"key":"SMITH"},{"data":"Double Energy","floor":25,"key":"SMITH"},{"data":"Dualcast","floor":27,"key":"SMITH"},{"data":"Steam Power","floor":29,"key":"SMITH"},{"floor":32,"key":"REST"},{"floor":40,"key":"REST"}],"neow_cost":"NONE","seed_source_timestamp":218892439207912,"circlet_count":0,"master_deck":["Strike_B","Strike_B","Strike_B","Defend_B","Defend_B","Defend_B","Defend_B","Zap","Dualcast+1","Conserve Battery","Steam Power+1","Leap","Auto Shields","Beam Cell","Stack","Meteor Strike","Leap","Steam","Apotheosis+1","Meteor Strike","Skim","Double Energy+1","White Noise+1","Double Energy+1","Meteor Strike","Regret","BootSequence","FTL","Sweeping Beam+1","Multi-Cast","Turbo","Recycle","Double Energy+1","Steam Power+1","Tempest+1","Injury","Parasite"],"relics":["Cracked Core","NeowsBlessing","Nunchaku","Golden Idol","Mercury Hourglass","Gremlin Horn","Orichalcum","Cursed Key","MutagenicStrength","Question Card","MawBank","Busted Crown","Unceasing Top","Vajra"],"potions_floor_usage":[10,12,16,16,16,22,33,39,41],"damage_taken":[{"damage":0,"enemies":"Small Slimes","floor":1,"turns":1},{"damage":0,"enemies":"Cultist","floor":4,"turns":1},{"damage":0,"enemies":"Gremlin Nob","floor":6,"turns":1},{"damage":0,"enemies":"2 Louse","floor":7,"turns":2},{"damage":0,"enemies":"Looter","floor":8,"turns":3},{"damage":14,"enemies":"Lagavulin","floor":10,"turns":6},{"damage":8,"enemies":"Exordium Wildlife","floor":11,"turns":4},{"damage":3,"enemies":"Exordium Thugs","floor":12,"turns":4},{"damage":0,"enemies":"3 Louse","floor":13,"turns":2},{"damage":20,"enemies":"The Guardian","floor":16,"turns":14},{"damage":0,"enemies":"Chosen","floor":18,"turns":6},{"damage":0,"enemies":"Shell Parasite","floor":19,"turns":6},{"damage":2,"enemies":"Centurion and Healer","floor":21,"turns":6},{"damage":17,"enemies":"Sentry and Sphere","floor":22,"turns":5},{"damage":4,"enemies":"3 Cultists","floor":24,"turns":6},{"damage":14,"enemies":"Centurion and Healer","floor":28,"turns":4},{"damage":1,"enemies":"Snake Plant","floor":30,"turns":4},{"damage":13,"enemies":"Gremlin Leader","floor":31,"turns":4},{"damage":46,"enemies":"Automaton","floor":33,"turns":9},{"damage":0,"enemies":"Orb Walker","floor":35,"turns":4},{"damage":32,"enemies":"3 Shapes","floor":37,"turns":5},{"damage":16,"enemies":"Spire Growth","floor":39,"turns":4},{"damage":30,"enemies":"Nemesis","floor":41,"turns":9},{"damage":10,"enemies":"3 Darklings","floor":42,"turns":4},{"damage":20,"enemies":"Writhing Mass","floor":44,"turns":4}],"seed_played":"5929216262033242856","potions_obtained":[{"floor":4,"key":"LiquidBronze"},{"floor":6,"key":"Swift Potion"},{"floor":10,"key":"Explosive Potion"},{"floor":12,"key":"Fruit Juice"},{"floor":13,"key":"SkillPotion"},{"floor":16,"key":"FearPotion"},{"floor":19,"key":"SkillPotion"},{"floor":21,"key":"FocusPotion"},{"floor":31,"key":"SkillPotion"},{"floor":35,"key":"Fire Potion"},{"floor":39,"key":"GamblersBrew"}],"is_trial":false,"path_per_floor":["M","?","?","M","?","E","M","M","T","E","M","M","M","$","R","B",null,"M","M","?","M","M","R","M","R","T","R","M","R","M","E","R","B",null,"M","$","M","?","M","R","E","M","T","M"],"character_chosen":"DEFECT","items_purchased":["Apotheosis","Recycle"],"campfire_rested":2,"item_purchase_floors":[14,36],"current_hp_per_floor":[75,75,75,75,57,57,57,57,57,43,35,37,37,37,37,17,80,80,80,80,78,61,61,57,57,57,57,43,43,42,29,53,7,80,80,80,48,48,32,56,26,16,16,0],"gold":538,"neow_bonus":"THREE_ENEMY_KILL","is_prod":false,"is_daily":false,"chose_seed":false,"campfire_upgraded":5,"win_rate":0,"timestamp":1541745971,"path_taken":["M","?","?","?","?","E","M","M","T","E","M","M","M","$","R","BOSS","M","M","?","M","M","R","M","R","T","R","M","R","M","E","R","BOSS","M","$","M","?","M","R","E","M","T","M"],"build_version":"2018-11-08","purchased_purges":0,"victory":false,"max_hp_per_floor":[75,75,75,75,75,75,75,75,75,75,75,80,80,80,80,80,80,80,80,80,80,80,80,80,80,80,80,80,80,80,80,80,80,80,80,80,80,80,80,80,80,80,80,80],"card_choices":[{"not_picked":["Turbo","Scrape"],"picked":"Conserve Battery","floor":1},{"not_picked":["Barrage","Stack"],"picked":"Steam Power","floor":4},{"not_picked":["Steam Power","Sweeping Beam"],"picked":"Leap","floor":6},{"not_picked":["Steam","Reprogram"],"picked":"Auto Shields","floor":7},{"not_picked":["Steam Power","Tempest"],"picked":"Beam Cell","floor":8},{"not_picked":["Hologram","Hello World"],"picked":"Stack","floor":10},{"not_picked":["Redo","Turbo"],"picked":"Meteor Strike","floor":11},{"not_picked":["Gash","Streamline"],"picked":"Leap","floor":12},{"not_picked":["Leap","Cold Snap"],"picked":"Steam","floor":13},{"not_picked":["Hyperbeam","Reboot"],"picked":"Meteor Strike","floor":16},{"not_picked":["Streamline","Self Repair+1"],"picked":"Skim","floor":18},{"not_picked":["Cold Snap+1","Gash"],"picked":"Double Energy","floor":19},{"not_picked":["Melter","Stack"],"picked":"White Noise+1","floor":21},{"not_picked":["Tempest","Hologram"],"picked":"Double Energy","floor":22},{"not_picked":["Go for the Eyes","Gash"],"picked":"Meteor Strike","floor":24},{"not_picked":["Fusion","Conserve Battery","FTL"],"picked":"BootSequence","floor":28},{"not_picked":["Scrape","Rebound","Aggregate"],"picked":"FTL","floor":30},{"not_picked":["Hologram","Leap","Ball Lightning"],"picked":"Sweeping Beam+1","floor":31},{"not_picked":["Electrodynamics","Thunder Strike","Machine Learning"],"picked":"Multi-Cast","floor":33},{"not_picked":["Conserve Battery+1"],"picked":"Turbo","floor":35},{"not_picked":["Sweeping Beam+1"],"picked":"Double Energy+1","floor":37},{"not_picked":["Barrage"],"picked":"Tempest+1","floor":39},{"not_picked":["Redo","Steam+1"],"picked":"SKIP","floor":41},{"not_picked":["White Noise","Rebound"],"picked":"SKIP","floor":42}],"player_experience":44595,"relics_obtained":[{"floor":6,"key":"Mercury Hourglass"},{"floor":9,"key":"Gremlin Horn"},{"floor":10,"key":"Orichalcum"},{"floor":26,"key":"Question Card"},{"floor":31,"key":"MawBank"},{"floor":41,"key":"Unceasing Top"},{"floor":43,"key":"Vajra"}],"event_choices":[{"cards_removed":["Strike_B"],"damage_healed":0,"gold_gain":0,"player_choice":"Card Removal","damage_taken":0,"max_hp_gain":0,"max_hp_loss":0,"event_name":"The Cleric","floor":2,"gold_loss":50},{"damage_healed":0,"gold_gain":0,"player_choice":"Paid Gold","damage_taken":0,"relics_obtained":["Nunchaku"],"max_hp_gain":0,"max_hp_loss":0,"event_name":"WeMeetAgain","floor":3,"gold_loss":66},{"damage_healed":0,"gold_gain":0,"player_choice":"Take Damage","damage_taken":18,"relics_obtained":["Golden Idol"],"max_hp_gain":0,"max_hp_loss":0,"event_name":"Golden Idol","floor":5,"gold_loss":0},{"damage_healed":0,"gold_gain":0,"player_choice":"Inject Mutagens","damage_taken":0,"relics_obtained":["MutagenicStrength"],"max_hp_gain":0,"max_hp_loss":0,"event_name":"Drug Dealer","floor":20,"gold_loss":0},{"damage_healed":0,"gold_gain":0,"player_choice":"Copied","damage_taken":0,"max_hp_gain":0,"max_hp_loss":0,"event_name":"Duplicator","floor":38,"gold_loss":0,"cards_obtained":["Steam Power"]}],"is_beta":false,"boss_relics":[{"not_picked":["Lizard Tail","Coffee Dripper"],"picked":"Cursed Key"},{"not_picked":["Snecko Eye","FrozenCore"],"picked":"Busted Crown"}],"items_purged_floors":[],"is_endless":false,"potions_floor_spawned":[4,6,10,12,13,16,19,21,31,35,39],"killed_by":"Writhing Mass","ascension_level":0}