{"gold_per_floor":[11,11,11,31,47,80,80,135,160,160,171,191,219,219,219,317,317,329,346,103,103,113,143,203,231,255,284,301,333,348,374,374,470,470,485,33,20,70,221,221,271,271,322,353,17,52,102,113,113,113],"floor_reached":51,"playtime":13284,"items_purged":["Strike_R","Defend_R"],"score":1189,"play_id":"b21a9291-3196-499f-a015-e74a75d96c69","local_time":"20180926192908","is_ascension_mode":true,"campfire_choices":[{"data":"Perfected Strike","floor":7.0,"key":"SMITH"},{"data":"Perfected Strike","floor":10.0,"key":"SMITH"},{"floor":15.0,"key":"REST"},{"floor":32.0,"key":"REST"},{"data":"Limit Break","floor":40,"key":"SMITH"},{"data":"Barricade","floor":42,"key":"SMITH"},{"data":"Impervious","floor":49,"key":"SMITH"}],"neow_cost":"NO_GOLD","seed_source_timestamp":411299568906199,"circlet_count":0,"master_deck":["Strike_R","Strike_R","Defend_R","Defend_R","Defend_R","Bash+1","Ghostly Armor","Perfected Strike+1","Perfected Strike+1","Shockwave+1","Clothesline","Burning Pact","Twin Strike+1","Immolate+1","Impervious+1","Whirlwind","Armaments+1","Shrug It Off","Dropkick+1","True Grit","Perfected Strike","Iron Wave+1","Twin Strike+1","Seeing Red","Pommel Strike+1","Perfected Strike","Barricade+1","Limit Break+1","Inflame+1","Rage","Exhume","Seeing Red+1","Secret Technique","Violence","Disarm+1"],"special_seed":0,"relics":["Burning Blood","FossilizedHelix","Ancient Tea Set","Tiny Chest","Centennial Puzzle","Champion Belt","Runic Dome","Bronze Scales","SsserpentHead","Lantern","Letter Opener","Vajra","Darkstone Periapt","Unceasing Top","Orichalcum","Velvet Choker","Calipers","Strawberry","Sundial","Mango","Juzu Bracelet","Singing Bowl","Pen Nib","Whetstone"],"potions_floor_usage":[50],"damage_taken":[{"damage":0.0,"enemies":"Jaw Worm","floor":1.0,"turns":3.0},{"damage":0.0,"enemies":"Small Slimes","floor":4.0,"turns":3.0},{"damage":0.0,"enemies":"Cultist","floor":5.0,"turns":3.0},{"damage":20.0,"enemies":"Lagavulin","floor":6.0,"turns":5.0},{"damage":15.0,"enemies":"3 Sentries","floor":8.0,"turns":5.0},{"damage":7.0,"enemies":"Large Slime","floor":11.0,"turns":5.0},{"damage":5.0,"enemies":"Gremlin Gang","floor":12.0,"turns":6.0},{"damage":0.0,"enemies":"Lagavulin","floor":13.0,"turns":5.0},{"damage":13.0,"enemies":"The Guardian","floor":16.0,"turns":8.0},{"damage":5.0,"enemies":"3 Byrds","floor":18.0,"turns":3.0},{"damage":6.0,"enemies":"2 Thieves","floor":19.0,"turns":3.0},{"damage":22.0,"enemies":"Sentry and Sphere","floor":22.0,"turns":4.0},{"damage":0.0,"enemies":"Gremlin Leader","floor":23.0,"turns":7.0},{"damage":6.0,"enemies":"Chosen and Byrds","floor":24.0,"turns":3.0},{"damage":14.0,"enemies":"Book of Stabbing","floor":25.0,"turns":5.0},{"damage":14.0,"enemies":"Gremlin Leader","floor":27.0,"turns":3.0},{"damage":0.0,"enemies":"Snecko","floor":28.0,"turns":3.0},{"damage":14.0,"enemies":"Slavers","floor":29.0,"turns":3.0},{"damage":0.0,"enemies":"Snake Plant","floor":30.0,"turns":1.0},{"damage":6.0,"enemies":"Gremlin Leader","floor":31.0,"turns":4.0},{"damage":20.0,"enemies":"Champ","floor":33.0,"turns":11.0},{"damage":0.0,"enemies":"Orb Walker","floor":35.0,"turns":1.0},{"damage":0.0,"enemies":"Mysterious Sphere","floor":39.0,"turns":3.0},{"damage":0,"enemies":"2 Orb Walkers","floor":44,"turns":4},{"damage":10,"enemies":"Giant Head","floor":46,"turns":6},{"damage":0,"enemies":"3 Darklings","floor":48,"turns":4},{"damage":35,"enemies":"Time Eater","floor":50,"turns":8}],"seed_played":"7299132810378641411","potions_obtained":[{"floor":1.0,"key":"Fire Potion"},{"floor":4.0,"key":"BloodPotion"},{"floor":6.0,"key":"Block Potion"},{"floor":19.0,"key":"Regen Potion"},{"floor":29.0,"key":"Fire Potion"}],"is_trial":false,"path_per_floor":["M","?","?","M","M","E","R","E","T","R","M","M","E","?","R","B",null,"M","M","$","?","M","E","M","E","T","E","M","E","M","E","R","B",null,"M","$","?","?","?","R","?","R","T","E","$","E","?","M","R","B"],"character_chosen":"IRONCLAD","items_purchased":["Bronze Scales","Shrug It Off","Calipers","Strawberry","Pen Nib","Exhume"],"campfire_rested":2,"item_purchase_floors":[20,20,36,36,45,45],"current_hp_per_floor":[80,80,80,80,80,66,66,57,57,57,56,57,63,47,71,64,76,77,77,77,77,61,67,67,59,59,51,57,49,55,55,79,65,76,80,87,87,87,101,101,101,101,101,103,103,99,91,97,97,83],"gold":113,"neow_bonus":"ONE_RARE_RELIC","is_prod":false,"is_daily":false,"chose_seed":false,"campfire_upgraded":5,"win_rate":0,"timestamp":1538004548,"path_taken":["M","?","?","M","M","E","R","E","T","R","?","M","E","?","R","BOSS","M","M","$","?","M","E","?","E","T","E","M","E","M","E","R","BOSS","M","$","?","?","?","R","?","R","T","E","?","E","?","M","R","BOSS"],"build_version":"2018-09-20","purchased_purges":2,"victory":true,"max_hp_per_floor":[80,80,80,80,80,80,80,80,80,80,80,80,80,80,80,80,80,80,80,80,80,80,80,80,80,80,80,80,80,80,80,80,80,80,80,87,87,87,101,101,101,101,101,103,103,103,105,105,105,105],"card_choices":[{"not_picked":["Fire Breathing","Anger"],"picked":"Ghostly Armor","floor":1.0},{"not_picked":["Sword Boomerang","Havoc"],"picked":"Perfected Strike","floor":4.0},{"not_picked":["Sword Boomerang","Twin Strike"],"picked":"Perfected Strike","floor":5.0},{"not_picked":["Carnage","Bloodletting"],"picked":"Shockwave","floor":6.0},{"not_picked":["Flex","Anger"],"picked":"Clothesline","floor":8.0},{"not_picked":["Thunderclap","Havoc"],"picked":"Burning Pact","floor":11.0},{"not_picked":["Rampage","Entrench"],"picked":"Twin Strike","floor":12.0},{"not_picked":["Rampage","Warcry"],"picked":"Immolate","floor":13.0},{"not_picked":["Immolate","Fiend Fire"],"picked":"Impervious","floor":16.0},{"not_picked":["Bloodletting","Dual Wield"],"picked":"Whirlwind","floor":18.0},{"not_picked":["Whirlwind","Intimidate"],"picked":"Armaments+1","floor":19.0},{"not_picked":["Heavy Blade","Blood for Blood+1"],"picked":"Dropkick","floor":22.0},{"not_picked":["Armaments","Corruption"],"picked":"True Grit","floor":23.0},{"not_picked":["Entrench","Shrug It Off"],"picked":"Perfected Strike","floor":24.0},{"not_picked":["Feel No Pain","Thunderclap"],"picked":"Iron Wave+1","floor":25.0},{"not_picked":["Wild Strike+1","Dropkick"],"picked":"Twin Strike+1","floor":27.0},{"not_picked":["Sword Boomerang","Clash"],"picked":"Seeing Red","floor":28.0},{"not_picked":["Intimidate+1","Combust"],"picked":"Pommel Strike+1","floor":29.0},{"not_picked":["Second Wind","Uppercut"],"picked":"Perfected Strike","floor":30.0},{"not_picked":["Thunderclap","Searing Blow"],"picked":"Barricade","floor":31.0},{"not_picked":["Reaper","Impervious"],"picked":"Limit Break","floor":33.0},{"not_picked":["Clothesline+1","Body Slam+1"],"picked":"Inflame+1","floor":35.0},{"not_picked":["Bloodletting","Havoc+1"],"picked":"Rage","floor":39},{"not_picked":["Berserk","Blood for Blood+1","Havoc+1"],"picked":"Singing Bowl","floor":44},{"not_picked":["Twin Strike","Evolve+1"],"picked":"Seeing Red+1","floor":46},{"not_picked":["PanicButton","Deep Breath"],"picked":"Secret Technique","floor":47},{"not_picked":["Good Instincts","Swift Strike","Purity"],"picked":"Singing Bowl","floor":47},{"not_picked":["Forethought","Discovery"],"picked":"Violence","floor":47},{"not_picked":["Combust+1","Sword Boomerang+1"],"picked":"Disarm+1","floor":48}],"player_experience":478386,"relics_obtained":[{"floor":6.0,"key":"Ancient Tea Set"},{"floor":8.0,"key":"Tiny Chest"},{"floor":9.0,"key":"Centennial Puzzle"},{"floor":13.0,"key":"Champion Belt"},{"floor":23.0,"key":"Lantern"},{"floor":25.0,"key":"Letter Opener"},{"floor":26.0,"key":"Vajra"},{"floor":27.0,"key":"Darkstone Periapt"},{"floor":29.0,"key":"Unceasing Top"},{"floor":31.0,"key":"Orichalcum"},{"floor":39,"key":"Mango"},{"floor":43,"key":"Juzu Bracelet"},{"floor":44,"key":"Singing Bowl"},{"floor":46,"key":"Whetstone"}],"event_choices":[{"event_name":"Living Wall","player_choice":"Forget","floor":2.0,"damage_taken":0.0},{"event_name":"Upgrade Shrine","player_choice":"Upgraded","floor":3.0,"damage_taken":0.0},{"event_name":"Shining Light","player_choice":"Entered Light","floor":14.0,"damage_taken":0.0},{"event_name":"FaceTrader","player_choice":"Trade","floor":21.0,"damage_taken":0.0},{"event_name":"WeMeetAgain","player_choice":"Gold","floor":37.0,"damage_taken":0.0},{"event_name":"Falling","player_choice":"Removed Attack","floor":38.0,"damage_taken":0.0},{"event_name":"Mysterious Sphere","player_choice":"Fight","floor":39.0,"damage_taken":0.0},{"event_name":"Tomb of Lord Red Mask","player_choice":"Ignored","floor":41,"damage_taken":0},{"event_name":"SensoryStone","player_choice":"Memory 3","floor":47,"damage_taken":0}],"is_beta":false,"boss_relics":[{"not_picked":["White Beast Statue","Black Blood"],"picked":"Runic Dome"},{"not_picked":["Astrolabe","Eternal Feather"],"picked":"Velvet Choker"}],"items_purged_floors":[20,45],"is_endless":false,"potions_floor_spawned":[1,4,6,12,19,24,25,29,30,39,46],"ascension_level":5}