{"gold_per_floor":[114,114,127,127,138,165,165,199,199,219,219,247,247,267,267,267],"floor_reached":16,"playtime":766,"items_purged":[],"score":222,"play_id":"44ac3459-5678-4ba3-9b18-4fc6b5689aa5","local_time":"20190131201807","is_ascension_mode":true,"campfire_choices":[{"floor":7,"key":"REST"},{"data":"Pommel Strike","floor":11,"key":"SMITH"},{"floor":15,"key":"REST"}],"neow_cost":"NONE","seed_source_timestamp":440757329608644,"circlet_count":0,"master_deck":["AscendersBane","Strike_R","Strike_R","Strike_R","Strike_R","Strike_R","Defend_R","Defend_R","Defend_R","Defend_R+1","Bash","Uppercut","Carnage","Warcry+1","Havoc","Pommel Strike+1","Seeing Red"],"relics":["Burning Blood","NeowsBlessing","Orichalcum","Pear","War Paint","Lantern","Peace Pipe"],"potions_floor_usage":[16,16],"damage_taken":[{"damage":0,"enemies":"Small Slimes","floor":1,"turns":1},{"damage":0,"enemies":"Jaw Worm","floor":3,"turns":1},{"damage":0,"enemies":"Cultist","floor":5,"turns":1},{"damage":45,"enemies":"3 Sentries","floor":6,"turns":7},{"damage":20,"enemies":"Gremlin Nob","floor":8,"turns":5},{"damage":12,"enemies":"Gremlin Gang","floor":10,"turns":6},{"damage":23,"enemies":"Lagavulin","floor":12,"turns":6},{"damage":0,"enemies":"Looter","floor":14,"turns":2},{"damage":83,"enemies":"The Guardian","floor":16,"turns":11}],"seed_played":"-5058500953150092048","potions_obtained":[{"floor":1,"key":"Explosive Potion"},{"floor":4,"key":"PowerPotion"}],"is_trial":false,"path_per_floor":["M","?","M","?","M","E","R","E","T","M","R","E","?","M","R","B"],"character_chosen":"IRONCLAD","items_purchased":[],"campfire_rested":2,"item_purchase_floors":[],"current_hp_per_floor":[74,79,80,80,80,41,65,61,61,55,55,38,33,39,66,0],"gold":267,"neow_bonus":"THREE_ENEMY_KILL","is_prod":false,"is_daily":false,"chose_seed":false,"campfire_upgraded":1,"win_rate":0,"timestamp":1548983887,"path_taken":["M","?","M","?","?","E","R","E","T","?","R","E","?","M","R","BOSS"],"build_version":"2019-01-23","purchased_purges":0,"victory":false,"max_hp_per_floor":[75,80,80,80,80,80,80,90,90,90,90,90,90,90,90,90],"card_choices":[{"not_picked":["Thunderclap","Evolve"],"picked":"Uppercut","floor":1},{"not_picked":["Iron Wave","Sword Boomerang"],"picked":"Carnage","floor":3},{"not_picked":["Carnage","Entrench","Evolve"],"picked":"SKIP","floor":5},{"not_picked":["Iron Wave","Twin Strike"],"picked":"Warcry","floor":6},{"not_picked":["Flex","Clash"],"picked":"Havoc","floor":8},{"not_picked":["Rupture","Ghostly Armor"],"picked":"Pommel Strike","floor":10},{"not_picked":["Immolate","Sword Boomerang"],"picked":"Seeing Red","floor":12},{"not_picked":["Headbutt","Corruption","Havoc"],"picked":"SKIP","floor":14}],"player_experience":961201,"relics_obtained":[{"floor":6,"key":"Orichalcum"},{"floor":8,"key":"Pear"},{"floor":9,"key":"War Paint"},{"floor":12,"key":"Lantern"}],"event_choices":[{"damage_healed":0,"gold_gain":0,"player_choice":"Donut","damage_taken":0,"max_hp_gain":5,"max_hp_loss":0,"event_name":"Big Fish","floor":2,"gold_loss":0},{"damage_healed":0,"gold_gain":0,"player_choice":"Got Potions","damage_taken":0,"max_hp_gain":0,"max_hp_loss":0,"event_name":"Lab","floor":4,"gold_loss":0},{"damage_healed":0,"gold_gain":0,"player_choice":"Success","damage_taken":5,"relics_obtained":["Peace Pipe"],"max_hp_gain":0,"max_hp_loss":0,"event_name":"Scrap Ooze","floor":13,"gold_loss":0}],"is_beta":false,"boss_relics":[],"items_purged_floors":[],"is_endless":false,"potions_floor_spawned":[1,6,8,10],"killed_by":"The Guardian","ascension_level":17}