{"gold_per_floor":[110,124,136,149,165,165,40,58,58,58,58,90,103,121,121,218,218,230,230,247,267,267],"floor_reached":22,"playtime":1228,"items_purged":["Strike_R"],"score":201,"play_id":"72f92f91-2d03-4c34-9d14-7bb40ffe8e5c","local_time":"20190206232642","is_ascension_mode":true,"campfire_choices":[{"data":"Armaments","floor":6,"key":"SMITH"},{"data":"Flex","floor":10,"key":"SMITH"},{"data":"Infernal Blade","floor":15,"key":"SMITH"}],"neow_cost":"NONE","seed_source_timestamp":127076315310297,"circlet_count":0,"master_deck":["Strike_R","Strike_R","Strike_R","Strike_R","Defend_R","Defend_R","Defend_R","Defend_R","Bash","Armaments+1","Twin Strike","Twin Strike","Sword Boomerang","Heavy Blade","Flex+1","Infernal Blade+1","Dropkick","Heavy Blade","Reaper","Regret","Clumsy","Clash"],"relics":["Burning Blood","Ornamental Fan","FossilizedHelix","Calling Bell","Centennial Puzzle","Frozen Egg 2","Girya","Spirit Poop"],"potions_floor_usage":[16,16,22,22],"damage_taken":[{"damage":6,"enemies":"Jaw Worm","floor":1,"turns":4},{"damage":4,"enemies":"Cultist","floor":2,"turns":4},{"damage":6,"enemies":"2 Louse","floor":3,"turns":3},{"damage":24,"enemies":"Lots of Slimes","floor":4,"turns":6},{"damage":9,"enemies":"Blue Slaver","floor":5,"turns":3},{"damage":3,"enemies":"Large Slime","floor":8,"turns":3},{"damage":5,"enemies":"Gremlin Nob","floor":12,"turns":3},{"damage":7,"enemies":"Exordium Wildlife","floor":13,"turns":3},{"damage":0,"enemies":"2 Fungi Beasts","floor":14,"turns":2},{"damage":43,"enemies":"Hexaghost","floor":16,"turns":8},{"damage":39,"enemies":"Chosen","floor":18,"turns":7},{"damage":8,"enemies":"Shell Parasite","floor":20,"turns":4},{"damage":46,"enemies":"Cultist and Chosen","floor":21,"turns":8},{"damage":41,"enemies":"3 Cultists","floor":22,"turns":5}],"seed_played":"-6508542915695379233","potions_obtained":[{"floor":4,"key":"LiquidBronze"},{"floor":8,"key":"FearPotion"},{"floor":11,"key":"SpeedPotion"},{"floor":11,"key":"Swift Potion"},{"floor":20,"key":"SkillPotion"}],"is_trial":false,"path_per_floor":["M","M","M","M","M","R","$","M","T","R","?","E","M","M","R","B",null,"M","?","M","M","M"],"character_chosen":"IRONCLAD","items_purchased":["Flex"],"campfire_rested":0,"item_purchase_floors":[7],"current_hp_per_floor":[88,88,88,70,67,67,67,70,70,70,70,71,70,76,76,39,88,61,61,59,27,1],"gold":267,"neow_bonus":"TEN_PERCENT_HP_BONUS","is_prod":false,"is_daily":false,"chose_seed":false,"campfire_upgraded":3,"win_rate":0,"timestamp":1549513602,"path_taken":["M","M","M","M","M","R","$","M","T","R","?","E","?","M","R","BOSS","M","?","?","M","M"],"build_version":"2019-01-23","purchased_purges":1,"victory":false,"max_hp_per_floor":[88,88,88,88,88,88,88,88,88,88,88,88,88,88,88,88,88,88,88,88,88,88],"card_choices":[{"not_picked":["Clothesline","Perfected Strike"],"picked":"Armaments","floor":1},{"not_picked":["Heavy Blade","Blood for Blood"],"picked":"Twin Strike","floor":2},{"not_picked":["Havoc","Hemokinesis"],"picked":"Twin Strike","floor":3},{"not_picked":["Headbutt","Reckless Charge"],"picked":"Sword Boomerang","floor":4},{"not_picked":["True Grit","Sword Boomerang"],"picked":"Heavy Blade","floor":5},{"not_picked":["Cleave","Bloodletting","Armaments"],"picked":"SKIP","floor":8},{"not_picked":["Fiend Fire","Feel No Pain"],"picked":"Infernal Blade","floor":12},{"not_picked":["Twin Strike","Flame Barrier"],"picked":"Dropkick","floor":13},{"not_picked":["Anger","Cleave"],"picked":"Heavy Blade","floor":14},{"not_picked":["Bludgeon","Berserk"],"picked":"Reaper","floor":16},{"not_picked":["Body Slam","Sever Soul","Corruption+1"],"picked":"SKIP","floor":18},{"not_picked":["Second Wind+1","Hemokinesis","Wild Strike+1"],"picked":"SKIP","floor":20},{"not_picked":["Intimidate","True Grit"],"picked":"Clash","floor":21}],"player_experience":99611,"relics_obtained":[{"floor":9,"key":"Ornamental Fan"},{"floor":12,"key":"FossilizedHelix"},{"floor":17,"key":"Centennial Puzzle"},{"floor":17,"key":"Frozen Egg 2"},{"floor":17,"key":"Girya"}],"event_choices":[{"damage_healed":0,"gold_gain":0,"player_choice":"Got Potions","damage_taken":0,"max_hp_gain":0,"max_hp_loss":0,"event_name":"Lab","floor":11,"gold_loss":0},{"cards_removed":["Pain"],"damage_healed":0,"gold_gain":0,"player_choice":"Offered Curse","damage_taken":0,"relics_obtained":["Spirit Poop"],"max_hp_gain":0,"max_hp_loss":0,"event_name":"Bonfire Elementals","floor":19,"gold_loss":0}],"is_beta":false,"boss_relics":[{"not_picked":["Cursed Key","Black Star"],"picked":"Calling Bell"}],"items_purged_floors":[7],"is_endless":false,"potions_floor_spawned":[4,8,12,13,14,20],"killed_by":"3 Cultists","ascension_level":1}