{"gold_per_floor":[119,119,135,135,155,170,196,196,241,241,17,47,47,62,62,136,136,114,124,124,124,136,164,164,189,189,189,203,203,230,245,245,318,318,337,337,352,352,34,34,63,77,77,91,91,103,114,114],"floor_reached":48,"playtime":6830,"items_purged":[],"score":1034,"play_id":"3e8f52da-ab7e-4b33-a243-c6b9ea1fb580","local_time":"20190129231103","is_ascension_mode":true,"campfire_choices":[{"floor":10.0,"key":"REST"},{"data":"Armaments","floor":13.0,"key":"SMITH"},{"data":"Metallicize","floor":15.0,"key":"SMITH"},{"floor":24.0,"key":"REST"},{"floor":29.0,"key":"REST"},{"floor":32.0,"key":"REST"},{"floor":40.0,"key":"REST"}],"neow_cost":"CURSE","seed_source_timestamp":272107523112939,"circlet_count":0,"master_deck":["AscendersBane","Strike_R","Strike_R","Strike_R","Strike_R","Strike_R","Defend_R","Defend_R","Defend_R","Defend_R","Bash","Trip+1","Bandage Up","Headbutt","Clothesline","Battle Trance","Metallicize","Demon Form","Armaments+1","Metallicize+1","Body Slam","Feed","Flame Barrier+1","J.A.X.","Inflame+1","Whirlwind","Limit Break+1","Sword Boomerang","Demon Form","Spot Weakness"],"special_seed":0,"relics":["Burning Blood","Paper Frog","Pen Nib","Strawberry","Self Forming Clay","Fusion Hammer","Pear","Letter Opener","Darkstone Periapt","Omamori","Busted Crown","ClockworkSouvenir","War Paint","Centennial Puzzle"],"potions_floor_usage":[42],"damage_taken":[{"damage":11.0,"enemies":"Jaw Worm","floor":1.0,"turns":4.0},{"damage":10.0,"enemies":"Small Slimes","floor":3.0,"turns":3.0},{"damage":4.0,"enemies":"2 Louse","floor":5.0,"turns":4.0},{"damage":30.0,"enemies":"Gremlin Gang","floor":6.0,"turns":6.0},{"damage":17.0,"enemies":"Gremlin Nob","floor":7.0,"turns":4.0},{"damage":28.0,"enemies":"3 Sentries","floor":12.0,"turns":10.0},{"damage":5.0,"enemies":"Looter","floor":14.0,"turns":4.0},{"damage":37.0,"enemies":"The Guardian","floor":16.0,"turns":8.0},{"damage":18.0,"enemies":"2 Thieves","floor":18.0,"turns":4.0},{"damage":19.0,"enemies":"Spheric Guardian","floor":19.0,"turns":7.0},{"damage":10.0,"enemies":"Centurion and Healer","floor":22.0,"turns":7.0},{"damage":43.0,"enemies":"Slavers","floor":23.0,"turns":8.0},{"damage":37.0,"enemies":"Gremlin Leader","floor":25.0,"turns":10.0},{"damage":14.0,"enemies":"Chosen and Byrds","floor":28.0,"turns":8.0},{"damage":56.0,"enemies":"Slavers","floor":30.0,"turns":6.0},{"damage":11.0,"enemies":"Sentry and Sphere","floor":31.0,"turns":6.0},{"damage":30.0,"enemies":"Champ","floor":33.0,"turns":10.0},{"damage":34.0,"enemies":"Orb Walker","floor":35.0,"turns":5.0},{"damage":28.0,"enemies":"3 Darklings","floor":37.0,"turns":3.0},{"damage":62.0,"enemies":"Nemesis","floor":41.0,"turns":7.0},{"damage":14,"enemies":"Transient","floor":42,"turns":6},{"damage":19,"enemies":"4 Shapes","floor":44,"turns":9},{"damage":22,"enemies":"Writhing Mass","floor":46,"turns":6},{"damage":9,"enemies":"Spire Growth","floor":47,"turns":4},{"damage":38,"enemies":"Jaw Worm Horde","floor":48,"turns":2}],"seed_played":"2351976176405706830","potions_obtained":[{"floor":1.0,"key":"Poison Potion"},{"floor":6.0,"key":"Block Potion"},{"floor":12.0,"key":"SkillPotion"},{"floor":14.0,"key":"FearPotion"},{"floor":27.0,"key":"SpeedPotion"},{"floor":31.0,"key":"EssenceOfSteel"},{"floor":35.0,"key":"Fire Potion"}],"is_trial":false,"path_per_floor":["M","?","M","?","M","M","E","?","T","R","$","E","R","M","R","B",null,"M","M","?","?","M","E","R","E","T","?","M","R","E","M","R","B",null,"M","?","M","?","$","R","E","M","T","M","?","M","M","M"],"character_chosen":"IRONCLAD","items_purchased":["Demon Form","Armaments","Spot Weakness","ClockworkSouvenir"],"campfire_rested":5,"item_purchase_floors":[11,11,39,39],"current_hp_per_floor":[67,32,28,53,59,39,32,32,39,63,63,45,45,50,50,25,68,60,55,55,55,60,42,72,48,48,48,49,81,38,37,70,50,96,72,72,54,54,54,87,35,31,31,26,26,14,15,0],"gold":114,"neow_bonus":"RANDOM_COLORLESS_2","is_prod":false,"is_daily":false,"chose_seed":false,"campfire_upgraded":2,"win_rate":0,"timestamp":1548821463,"path_taken":["M","?","M","?","M","M","E","?","T","R","$","E","R","?","R","BOSS","M","M","?","?","M","E","R","E","T","?","M","R","E","?","R","BOSS","M","?","?","?","$","R","E","M","T","M","?","?","M","M"],"build_version":"2019-01-23","purchased_purges":0,"victory":false,"max_hp_per_floor":[75,75,75,75,75,75,75,75,82,82,82,82,82,82,82,82,82,82,86,86,86,89,102,102,105,105,105,108,108,111,111,111,111,111,111,111,111,111,111,111,111,111,111,115,115,115,115,115],"card_choices":[{"not_picked":["Warcry","Cleave"],"picked":"Headbutt","floor":1.0},{"not_picked":["Havoc","Perfected Strike"],"picked":"Clothesline","floor":3.0},{"not_picked":["Clothesline","Uppercut"],"picked":"Battle Trance","floor":5.0},{"not_picked":["Spot Weakness","Flex"],"picked":"Metallicize","floor":6.0},{"not_picked":["Twin Strike","Infernal Blade","Thunderclap"],"picked":"SKIP","floor":7.0},{"not_picked":["Battle Trance","Clash"],"picked":"Metallicize","floor":12.0},{"not_picked":["Armaments","Blood for Blood"],"picked":"Body Slam","floor":14.0},{"not_picked":["Fiend Fire","Double Tap"],"picked":"Feed","floor":16.0},{"not_picked":["Clash","Anger","Cleave"],"picked":"SKIP","floor":18.0},{"not_picked":["Burning Pact","True Grit+1"],"picked":"Flame Barrier","floor":19.0},{"not_picked":["Warcry","Perfected Strike","Burning Pact"],"picked":"SKIP","floor":22.0},{"not_picked":["Perfected Strike","Rupture","Flex"],"picked":"SKIP","floor":23.0},{"not_picked":["Armaments","Wild Strike","Clash"],"picked":"SKIP","floor":25.0},{"not_picked":["Fire Breathing","Sentinel","Anger"],"picked":"SKIP","floor":28.0},{"not_picked":["Cleave","Heavy Blade"],"picked":"Inflame+1","floor":30.0},{"not_picked":["Rampage","Sword Boomerang"],"picked":"Whirlwind","floor":31.0},{"not_picked":["Brutality","Dark Embrace"],"picked":"Limit Break","floor":33.0},{"not_picked":[],"picked":"Sword Boomerang","floor":35.0},{"not_picked":["Flex+1"],"picked":"SKIP","floor":37.0},{"not_picked":["True Grit"],"picked":"SKIP","floor":41.0},{"not_picked":["Flex"],"picked":"SKIP","floor":42},{"not_picked":["Cleave"],"picked":"SKIP","floor":44},{"not_picked":["Armaments"],"picked":"SKIP","floor":46},{"not_picked":["Twin Strike"],"picked":"SKIP","floor":47}],"player_experience":952278,"relics_obtained":[{"floor":7.0,"key":"Pen Nib"},{"floor":9.0,"key":"Strawberry"},{"floor":12.0,"key":"Self Forming Clay"},{"floor":23.0,"key":"Pear"},{"floor":25.0,"key":"Letter Opener"},{"floor":26.0,"key":"Darkstone Periapt"},{"floor":30.0,"key":"Omamori"},{"floor":41.0,"key":"War Paint"},{"floor":43,"key":"Centennial Puzzle"}],"event_choices":[{"damage_healed":0.0,"max_hp_gain":0.0,"max_hp_loss":0.0,"gold_gain":0.0,"event_name":"Scrap Ooze","player_choice":"Success","floor":2.0,"gold_loss":0.0,"damage_taken":35.0,"relics_obtained":["Paper Frog"]},{"damage_healed":25.0,"max_hp_gain":0.0,"max_hp_loss":0.0,"gold_gain":0.0,"event_name":"Big Fish","player_choice":"Banana","floor":4.0,"gold_loss":0.0,"damage_taken":0.0},{"cards_removed":["Injury"],"damage_healed":0.0,"max_hp_gain":0.0,"max_hp_loss":0.0,"gold_gain":0.0,"event_name":"Fountain of Cleansing","player_choice":"Removed Curses","floor":8.0,"gold_loss":0.0,"damage_taken":0.0},{"damage_healed":0.0,"max_hp_gain":0.0,"max_hp_loss":0.0,"gold_gain":0.0,"event_name":"Vampires","player_choice":"Ignored","floor":20.0,"gold_loss":0.0,"damage_taken":0.0},{"damage_healed":0.0,"max_hp_gain":0.0,"max_hp_loss":0.0,"gold_gain":0.0,"event_name":"Drug Dealer","player_choice":"Obtain J.A.X.","floor":21.0,"gold_loss":0.0,"damage_taken":0.0,"cards_obtained":["J.A.X."]},{"damage_healed":0.0,"max_hp_gain":0.0,"max_hp_loss":0.0,"gold_gain":0.0,"event_name":"Lab","player_choice":"Got Potions","floor":27.0,"gold_loss":0.0,"damage_taken":0.0},{"damage_healed":0.0,"max_hp_gain":0.0,"max_hp_loss":0.0,"gold_gain":0.0,"event_name":"Duplicator","player_choice":"Copied","floor":36.0,"gold_loss":0.0,"damage_taken":0.0,"cards_obtained":["Demon Form"]},{"damage_healed":0.0,"max_hp_gain":0.0,"max_hp_loss":0.0,"gold_gain":0.0,"event_name":"Tomb of Lord Red Mask","player_choice":"Ignored","floor":38.0,"gold_loss":0.0,"damage_taken":0.0},{"damage_healed":0,"gold_gain":0,"player_choice":"Upgraded","damage_taken":0,"max_hp_gain":0,"max_hp_loss":0,"event_name":"Upgrade Shrine","floor":45,"gold_loss":0,"cards_upgraded":["Limit Break"]}],"is_beta":false,"boss_relics":[{"not_picked":["Philosopher\u0027s Stone","Black Star"],"picked":"Fusion Hammer"},{"not_picked":["Astrolabe","Empty Cage"],"picked":"Busted Crown"}],"items_purged_floors":[],"is_endless":false,"potions_floor_spawned":[1,6,12,14,18,22,23,30,31,35,41],"killed_by":"Jaw Worm Horde","ascension_level":17}