{"gold_per_floor":[111,61,73,73,73,98,113,113,113,178,178,188,221,240,240,344,344,358,373,142,156,169,169,194,194],"floor_reached":25,"playtime":1471,"items_purged":["Strike_B"],"score":308,"play_id":"47dc212d-485f-4506-96e9-73f53e5e5aff","local_time":"20190111211615","is_ascension_mode":true,"campfire_choices":[{"data":"Barrage","floor":8.0,"key":"SMITH"},{"data":"Zap","floor":15.0,"key":"SMITH"},{"floor":23,"key":"REST"}],"neow_cost":"NONE","seed_source_timestamp":156912638661099,"circlet_count":0,"master_deck":["Strike_B","Strike_B","Defend_B","Defend_B","Defend_B","Defend_B+1","Zap+1","Dualcast","Barrage+1","Self Repair+1","Steam","Gash","Core Surge","Sweeping Beam+1","Melter+1","Capacitor","Creative AI","Defragment","Static Discharge","Chaos","BootSequence","Coolheaded","Tempest"],"special_seed":0,"relics":["Cracked Core","NeowsBlessing","Potion Belt","Question Card","Ornamental Fan","Tiny Chest","Molten Egg 2","Lantern","Sozu","Letter Opener"],"potions_floor_usage":[],"damage_taken":[{"damage":0.0,"enemies":"Small Slimes","floor":1.0,"turns":1.0},{"damage":0.0,"enemies":"2 Louse","floor":3.0,"turns":1.0},{"damage":0.0,"enemies":"3 Sentries","floor":6.0,"turns":1.0},{"damage":1.0,"enemies":"Cultist","floor":7.0,"turns":3.0},{"damage":15.0,"enemies":"Lagavulin","floor":10.0,"turns":6.0},{"damage":10.0,"enemies":"2 Fungi Beasts","floor":12.0,"turns":3.0},{"damage":16.0,"enemies":"Gremlin Nob","floor":13.0,"turns":3.0},{"damage":3.0,"enemies":"Blue Slaver","floor":14.0,"turns":2.0},{"damage":34.0,"enemies":"Hexaghost","floor":16.0,"turns":9.0},{"damage":17.0,"enemies":"Shell Parasite","floor":18.0,"turns":6.0},{"damage":0.0,"enemies":"Spheric Guardian","floor":19.0,"turns":1.0},{"damage":28.0,"enemies":"Centurion and Healer","floor":21.0,"turns":7.0},{"damage":37.0,"enemies":"Chosen and Byrds","floor":22.0,"turns":5.0},{"damage":42,"enemies":"Slavers","floor":24,"turns":6},{"damage":14,"enemies":"Snake Plant","floor":25,"turns":1}],"seed_played":"4835651969548987034","potions_obtained":[{"floor":1.0,"key":"Weak Potion"},{"floor":10.0,"key":"Dexterity Potion"},{"floor":13.0,"key":"Strength Potion"}],"is_trial":false,"path_per_floor":["M","?","M","?","?","E","M","R","T","E","?","M","E","M","R","B",null,"M","M","$","M","M","R","E","M"],"character_chosen":"DEFECT","items_purchased":["Static Discharge","Chaos"],"campfire_rested":1,"item_purchase_floors":[20,20],"current_hp_per_floor":[75,75,75,60,60,60,69,69,69,64,64,64,58,65,65,41,75,68,68,68,50,23,45,13,0],"gold":194,"neow_bonus":"THREE_ENEMY_KILL","is_prod":false,"is_daily":false,"chose_seed":false,"campfire_upgraded":2,"win_rate":0,"timestamp":1547237775,"path_taken":["M","?","M","?","?","E","?","R","T","E","?","M","E","M","R","BOSS","M","M","$","M","M","R","E","M"],"build_version":"2019-01-10","purchased_purges":1,"victory":false,"max_hp_per_floor":[75,75,75,75,75,75,75,75,75,75,75,75,75,75,75,75,75,75,75,75,75,75,75,75,75],"card_choices":[{"not_picked":["Hello World","Steam"],"picked":"Barrage","floor":1.0},{"not_picked":["Turbo","Reprogram"],"picked":"Self Repair","floor":3.0},{"not_picked":["Chill","Hologram"],"picked":"Steam","floor":6.0},{"not_picked":["Stack","Blizzard","Rip and Tear"],"picked":"Gash","floor":7.0},{"not_picked":["Chill","Cold Snap","Sweeping Beam"],"picked":"Core Surge","floor":10.0},{"not_picked":["Gash+1","Seek","Heatsinks"],"picked":"Sweeping Beam+1","floor":12.0},{"not_picked":["Steam Power","Storm","Tempest"],"picked":"Melter+1","floor":13.0},{"not_picked":["Redo","Conserve Battery","Turbo"],"picked":"Capacitor","floor":14.0},{"not_picked":["Core Surge+1","Seek","Fission"],"picked":"Creative AI","floor":16.0},{"not_picked":["Compile Driver+1","Force Field","Hologram+1"],"picked":"Defragment","floor":18.0},{"not_picked":["Streamline+1","Sweeping Beam+1","Undo","Stack"],"picked":"SKIP","floor":19.0},{"not_picked":["Heatsinks","Blizzard+1","Recycle"],"picked":"BootSequence","floor":21.0},{"not_picked":["Reinforced Body","Static Discharge","Compile Driver+1"],"picked":"Coolheaded","floor":22.0},{"not_picked":["Meteor Strike+1","Ball Lightning+1","Hologram+1"],"picked":"Tempest","floor":24}],"player_experience":252402,"relics_obtained":[{"floor":6.0,"key":"Question Card"},{"floor":9.0,"key":"Ornamental Fan"},{"floor":10.0,"key":"Tiny Chest"},{"floor":13.0,"key":"Lantern"},{"floor":24,"key":"Letter Opener"}],"event_choices":[{"cards_removed":["Strike_B"],"damage_healed":0.0,"max_hp_gain":0.0,"max_hp_loss":0.0,"gold_gain":0.0,"event_name":"The Cleric","player_choice":"Card Removal","floor":2.0,"gold_loss":50.0,"damage_taken":0.0},{"damage_healed":0.0,"max_hp_gain":0.0,"max_hp_loss":0.0,"gold_gain":0.0,"event_name":"Shining Light","player_choice":"Entered Light","floor":4.0,"gold_loss":0.0,"damage_taken":15.0,"cards_upgraded":["Defend_B","Self Repair"]},{"damage_healed":0.0,"max_hp_gain":0.0,"max_hp_loss":0.0,"gold_gain":0.0,"event_name":"WeMeetAgain","player_choice":"Gave Potion","floor":5.0,"gold_loss":0.0,"damage_taken":0.0,"relics_obtained":["Potion Belt"]},{"damage_healed":0.0,"max_hp_gain":0.0,"max_hp_loss":0.0,"gold_gain":0.0,"event_name":"Dead Adventurer","player_choice":"Searched \u00272\u0027 times","floor":11.0,"gold_loss":0.0,"damage_taken":0.0,"relics_obtained":["Molten Egg 2"]}],"is_beta":false,"boss_relics":[{"not_picked":["Philosopher\u0027s Stone","Runic Dome"],"picked":"Sozu"}],"items_purged_floors":[20],"is_endless":false,"potions_floor_spawned":[1,10,13,19,22],"killed_by":"Snake Plant","ascension_level":3}