{"gold_per_floor":[117,292,292,303,322,322,3,32,55,55,82,96,111,11,11,116,116,130,130,145,145,163,163],"floor_reached":23,"playtime":2028,"items_purged":["Doubt","Strike_R"],"score":281,"play_id":"53cf1dec-9919-48a2-aa62-b26c6829547b","local_time":"20181004220135","is_ascension_mode":true,"campfire_choices":[{"data":"Spot Weakness","floor":6.0,"key":"SMITH"},{"floor":10.0,"key":"REST"},{"floor":15.0,"key":"REST"}],"neow_cost":"TEN_PERCENT_HP_LOSS","seed_source_timestamp":91570052502503,"circlet_count":0,"master_deck":["Bash+1","Battle Trance","Spot Weakness+1","Disarm","Heavy Blade","Warcry","True Grit","Iron Wave","Impervious","Hemokinesis","Clash","Pommel Strike","Iron Wave","Body Slam","Perfected Strike","Perfected Strike","Iron Wave","Armaments+1","Ghostly Armor","Twin Strike","Shrug It Off"],"special_seed":0,"relics":["Burning Blood","Nunchaku","Kunai","Dream Catcher","Bronze Scales","Whetstone","Pandora\u0027s Box","CultistMask"],"potions_floor_usage":[23],"damage_taken":[{"damage":12.0,"enemies":"Jaw Worm","floor":1.0,"turns":3.0},{"damage":0.0,"enemies":"Small Slimes","floor":4.0,"turns":4.0},{"damage":4.0,"enemies":"2 Louse","floor":5.0,"turns":3.0},{"damage":36.0,"enemies":"Gremlin Nob","floor":8.0,"turns":5.0},{"damage":29.0,"enemies":"Lagavulin","floor":11.0,"turns":5.0},{"damage":18.0,"enemies":"Exordium Wildlife","floor":12.0,"turns":4.0},{"damage":6.0,"enemies":"3 Louse","floor":13.0,"turns":3.0},{"damage":18.0,"enemies":"Slime Boss","floor":16.0,"turns":8.0},{"damage":14,"enemies":"Spheric Guardian","floor":18,"turns":3},{"damage":7,"enemies":"Chosen","floor":20,"turns":5},{"damage":6,"enemies":"Centurion and Healer","floor":22,"turns":7},{"damage":58,"enemies":"Gremlin Leader","floor":23,"turns":7}],"seed_played":"7225981753787836796","potions_obtained":[{"floor":1.0,"key":"Strength Potion"},{"floor":4.0,"key":"Energy Potion"},{"floor":22,"key":"Block Potion"}],"is_trial":false,"path_per_floor":["M","?","?","M","M","R","$","E","T","R","E","M","M","$","R","B",null,"M","?","M","?","M"],"character_chosen":"IRONCLAD","items_purchased":["Kunai"],"campfire_rested":2,"item_purchase_floors":[7],"current_hp_per_floor":[66,66,52,58,60,60,60,30,30,51,28,16,16,16,37,25,60,52,52,51,51,51,0],"gold":163,"neow_bonus":"ONE_RARE_RELIC","is_prod":false,"is_daily":false,"chose_seed":false,"campfire_upgraded":1,"win_rate":0,"timestamp":1538704895,"path_taken":["M","?","?","?","M","R","$","E","T","R","E","M","M","$","R","BOSS","M","?","?","?","M","E"],"build_version":"2018-10-04","purchased_purges":2,"victory":false,"max_hp_per_floor":[72,72,72,72,72,72,72,72,72,72,72,72,72,72,72,72,72,72,72,72,72,72,72],"card_choices":[{"not_picked":["Dropkick","Disarm"],"picked":"Battle Trance","floor":1.0},{"not_picked":["Flex","Headbutt"],"picked":"Spot Weakness","floor":4.0},{"not_picked":["Sentinel","Intimidate"],"picked":"Disarm","floor":5.0},{"not_picked":["Havoc","Shrug It Off"],"picked":"Heavy Blade","floor":8.0},{"not_picked":["Cleave","Dropkick"],"picked":"Warcry","floor":10.0},{"not_picked":["Perfected Strike","Anger"],"picked":"True Grit","floor":11.0},{"not_picked":["Cleave","Intimidate","Clash"],"picked":"SKIP","floor":12.0},{"not_picked":["Twin Strike","Dual Wield"],"picked":"Iron Wave","floor":13.0},{"not_picked":["Feed","Fiend Fire"],"picked":"Impervious","floor":16.0},{"not_picked":["Searing Blow","Clash"],"picked":"Armaments+1","floor":18},{"not_picked":["Rampage","Infernal Blade"],"picked":"Twin Strike","floor":20},{"not_picked":["Clothesline","Warcry"],"picked":"Shrug It Off","floor":22}],"player_experience":558770,"relics_obtained":[{"floor":8.0,"key":"Dream Catcher"},{"floor":9.0,"key":"Bronze Scales"},{"floor":11.0,"key":"Whetstone"}],"event_choices":[{"event_name":"Liars Game","player_choice":"agreed","floor":2.0,"damage_taken":0.0},{"event_name":"Shining Light","player_choice":"Entered Light","floor":3.0,"damage_taken":0.0},{"event_name":"The Library","player_choice":"Read","floor":19,"damage_taken":0},{"event_name":"FaceTrader","player_choice":"Trade","floor":21,"damage_taken":0}],"is_beta":false,"boss_relics":[{"not_picked":["White Beast Statue","Mark of Pain"],"picked":"Pandora\u0027s Box"}],"items_purged_floors":[7,14],"is_endless":false,"potions_floor_spawned":[1,4,22],"killed_by":"Gremlin Leader","ascension_level":8}