{"gold_per_floor":[119,131,131,206,206,244,244,264,264,38,57,75,88,111,111,231,231,254,254,22,37,61,61,75,109,109,12,12,12,12,25,25,150,150,175,175,195,215,239,239,283,302,352,352,352,392,406,406],"floor_reached":48,"playtime":5658,"items_purged":["Strike_G"],"score":541,"play_id":"184ec3e4-df02-46f8-8b4f-dd269e546398","local_time":"20190118230529","is_ascension_mode":false,"campfire_choices":[{"floor":7.0,"key":"REST"},{"floor":15.0,"key":"REST"},{"floor":23.0,"key":"RECALL"},{"floor":28.0,"key":"REST"},{"floor":32.0,"key":"REST"},{"data":"Bouncing Flask","floor":40.0,"key":"SMITH"},{"floor":45.0,"key":"REST"}],"neow_cost":"TEN_PERCENT_HP_LOSS","seed_source_timestamp":0,"circlet_count":0,"master_deck":["Defend_G","Defend_G","Defend_G","Defend_G","Defend_G","Strike_G","Strike_G","Strike_G","Strike_G","Survivor","Neutralize","Dagger Spray","Terror","Leg Sweep","Noxious Fumes","Deadly Poison","Sucker Punch","Skewer","Caltrops","Calculated Gamble+1","Glass Knife","Caltrops","Cloak And Dagger","Bouncing Flask+1","Concentrate+1","Bandage Up","Blur","Glass Knife","Dodge and Roll","Dagger Throw+1","PiercingWail","Bouncing Flask+1","Well Laid Plans+1","Deadly Poison+1","Deflect+1"],"special_seed":0,"relics":["Ring of the Snake","Thread and Needle","Golden Idol","Ice Cream","Snake Skull","Sozu","Pen Nib","Bottled Flame","Lizard Tail","Pear","Omamori","Ginger"],"potions_floor_usage":[],"damage_taken":[{"damage":0.0,"enemies":"Jaw Worm","floor":1.0,"turns":5.0},{"damage":0.0,"enemies":"Small Slimes","floor":2.0,"turns":3.0},{"damage":34.0,"enemies":"Gremlin Nob","floor":6.0,"turns":7.0},{"damage":3.0,"enemies":"2 Louse","floor":8.0,"turns":2.0},{"damage":4.0,"enemies":"Gremlin Gang","floor":11.0,"turns":5.0},{"damage":3.0,"enemies":"Red Slaver","floor":12.0,"turns":4.0},{"damage":0.0,"enemies":"Blue Slaver","floor":13.0,"turns":4.0},{"damage":0.0,"enemies":"3 Louse","floor":14.0,"turns":3.0},{"damage":24.0,"enemies":"Hexaghost","floor":16.0,"turns":10.0},{"damage":0.0,"enemies":"3 Byrds","floor":18.0,"turns":4.0},{"damage":0.0,"enemies":"Shell Parasite","floor":21.0,"turns":4.0},{"damage":13.0,"enemies":"Centurion and Healer","floor":22.0,"turns":6.0},{"damage":2.0,"enemies":"3 Cultists","floor":24.0,"turns":5.0},{"damage":35.0,"enemies":"Gremlin Leader","floor":25.0,"turns":6.0},{"damage":19.0,"enemies":"Colosseum Slavers","floor":29.0,"turns":5.0},{"damage":6.0,"enemies":"Snecko","floor":31.0,"turns":3.0},{"damage":28.0,"enemies":"Automaton","floor":33.0,"turns":10.0},{"damage":17.0,"enemies":"Orb Walker","floor":35.0,"turns":5.0},{"damage":26.0,"enemies":"3 Darklings","floor":37.0,"turns":5.0},{"damage":10.0,"enemies":"Writhing Mass","floor":38.0,"turns":5.0},{"damage":0.0,"enemies":"4 Shapes","floor":39.0,"turns":7.0},{"damage":58.0,"enemies":"Nemesis","floor":41.0,"turns":9.0},{"damage":14.0,"enemies":"Sphere and 2 Shapes","floor":42.0,"turns":5.0},{"damage":49.0,"enemies":"Giant Head","floor":46.0,"turns":8.0},{"damage":3,"enemies":"Writhing Mass","floor":47,"turns":5},{"damage":23,"enemies":"Jaw Worm Horde","floor":48,"turns":2}],"seed_played":"-7138981162955479587","potions_obtained":[{"floor":2.0,"key":"LiquidBronze"},{"floor":6.0,"key":"SteroidPotion"},{"floor":13.0,"key":"SkillPotion"}],"is_trial":false,"path_per_floor":["M","M","?","?","?","E","R","M","T","$","M","M","M","M","R","B",null,"M","?","$","M","M","R","M","E","T","$","R","?","$","M","R","B",null,"M","?","M","M","M","R","E","M","T","?","R","E","M","M"],"character_chosen":"THE_SILENT","items_purchased":["Snake Skull","Noxious Fumes","Glass Knife","Bandage Up"],"campfire_rested":5,"item_purchase_floors":[10,10,20,27],"current_hp_per_floor":[63,63,63,52,52,18,36,33,33,33,29,26,26,26,44,20,63,63,63,63,63,50,50,48,13,13,13,31,16,16,10,28,4,63,50,73,51,45,49,49,46,36,36,36,60,15,16,0],"gold":406,"neow_bonus":"ONE_RARE_RELIC","is_prod":false,"is_daily":false,"chose_seed":false,"campfire_upgraded":1,"win_rate":0,"timestamp":1547870729,"path_taken":["M","M","?","?","?","E","R","?","T","?","M","M","M","M","R","BOSS","BOSS","M","?","$","M","M","R","M","E","T","$","R","?","?","?","R","BOSS","M","?","?","?","M","R","E","M","T","?","R","E","M","M"],"build_version":"2019-01-17v2","purchased_purges":1,"victory":false,"max_hp_per_floor":[63,63,63,63,63,63,63,63,63,63,63,63,63,63,63,63,63,63,63,63,63,63,63,63,63,63,63,63,63,63,63,63,63,63,63,73,73,73,73,73,83,83,83,83,83,83,83,83],"card_choices":[{"not_picked":["Flying Knee","Bane"],"picked":"Dagger Spray","floor":1.0},{"not_picked":["Setup","All Out Attack","Poisoned Stab"],"picked":"SKIP","floor":2.0},{"not_picked":["Sucker Punch","Endless Agony"],"picked":"Terror","floor":6.0},{"not_picked":["Blur","Backflip"],"picked":"Leg Sweep","floor":8.0},{"not_picked":["Choke","Sucker Punch"],"picked":"Deadly Poison","floor":11.0},{"not_picked":["All Out Attack","Catalyst"],"picked":"Sucker Punch","floor":12.0},{"not_picked":["Concentrate","Dagger Throw"],"picked":"Skewer","floor":13.0},{"not_picked":["Reflex","Flying Knee"],"picked":"Caltrops","floor":14.0},{"not_picked":["Die Die Die","Phantasmal Killer"],"picked":"Malaise","floor":16.0},{"not_picked":["Skewer+1","Bane"],"picked":"Calculated Gamble+1","floor":18.0},{"not_picked":["Slice","Riddle With Holes"],"picked":"Caltrops","floor":21.0},{"not_picked":["Well Laid Plans","Poisoned Stab"],"picked":"Cloak And Dagger","floor":22.0},{"not_picked":["Caltrops+1","Outmaneuver+1"],"picked":"Bouncing Flask","floor":24.0},{"not_picked":["Setup+1","Tools of the Trade"],"picked":"Concentrate+1","floor":25.0},{"not_picked":["Deflect","Prepared"],"picked":"Blur","floor":31.0},{"not_picked":["Venomology","Bullet Time"],"picked":"Glass Knife","floor":33.0},{"not_picked":["Endless Agony","Poisoned Stab"],"picked":"Dodge and Roll","floor":35.0},{"not_picked":["Finisher+1","Skewer"],"picked":"Dagger Throw+1","floor":37.0},{"not_picked":["Dagger Throw+1","Deflect"],"picked":"PiercingWail","floor":38.0},{"not_picked":["Deflect+1","Cloak And Dagger+1"],"picked":"Bouncing Flask+1","floor":39.0},{"not_picked":["Predator","Endless Agony+1"],"picked":"Well Laid Plans+1","floor":41.0},{"not_picked":["Concentrate","Outmaneuver+1"],"picked":"Deadly Poison+1","floor":42.0},{"not_picked":["Flying Knee","A Thousand Cuts"],"picked":"Deflect+1","floor":46.0},{"not_picked":["Infinite Blades+1","Finisher+1","Prepared+1"],"picked":"SKIP","floor":47}],"player_experience":893281,"relics_obtained":[{"floor":6.0,"key":"Ice Cream"},{"floor":25.0,"key":"Pen Nib"},{"floor":26.0,"key":"Bottled Flame"},{"floor":41.0,"key":"Pear"},{"floor":43.0,"key":"Omamori"},{"floor":46.0,"key":"Ginger"}],"event_choices":[{"damage_healed":0.0,"max_hp_gain":0.0,"max_hp_loss":0.0,"gold_gain":0.0,"event_name":"Golden Idol","player_choice":"Take Wound","floor":3.0,"gold_loss":0.0,"damage_taken":0.0,"relics_obtained":["Golden Idol"],"cards_obtained":["Injury"]},{"damage_healed":0.0,"max_hp_gain":0.0,"max_hp_loss":0.0,"gold_gain":75.0,"event_name":"World of Goop","player_choice":"Gather Gold","floor":4.0,"gold_loss":0.0,"damage_taken":11.0},{"cards_removed":["Injury"],"damage_healed":0.0,"max_hp_gain":0.0,"max_hp_loss":0.0,"gold_gain":0.0,"event_name":"Purifier","player_choice":"Purged","floor":5.0,"gold_loss":0.0,"damage_taken":0.0},{"damage_healed":0.0,"max_hp_gain":0.0,"max_hp_loss":0.0,"gold_gain":0.0,"event_name":"Vampires","player_choice":"Ignored","floor":19.0,"gold_loss":0.0,"damage_taken":0.0},{"damage_healed":0.0,"max_hp_gain":0.0,"max_hp_loss":0.0,"gold_gain":0.0,"event_name":"Colosseum","player_choice":"Fight","floor":29.0,"gold_loss":0.0,"damage_taken":0.0},{"damage_healed":0.0,"max_hp_gain":0.0,"max_hp_loss":0.0,"gold_gain":0.0,"event_name":"Colosseum","player_choice":"Fled From Nobs","floor":29.0,"gold_loss":0.0,"damage_taken":0.0},{"cards_removed":["Malaise"],"damage_healed":13.0,"max_hp_gain":10.0,"max_hp_loss":0.0,"gold_gain":0.0,"event_name":"Bonfire Elementals","player_choice":"Offered Rare","floor":36.0,"gold_loss":0.0,"damage_taken":0.0},{"damage_healed":0.0,"max_hp_gain":0.0,"max_hp_loss":0.0,"gold_gain":0.0,"event_name":"Mysterious Sphere","player_choice":"Ignored","floor":44.0,"gold_loss":0.0,"damage_taken":0.0}],"is_beta":false,"boss_relics":[{"not_picked":["Snecko Eye","Calling Bell"],"picked":"Sozu"},{"not_picked":["Empty Cage","HoveringKite"],"picked":"Lizard Tail"}],"items_purged_floors":[20],"is_endless":false,"potions_floor_spawned":[2,6,13,14,16,22,29,31,33,35,39,41,46],"killed_by":"Jaw Worm Horde","ascension_level":0}