{"gold_per_floor":[110,185,199,215,58,58,71,71,71,71,71,98,98,113,113,190,190,206,121,137,152,152,152,170,170,170,182,182,182,282,282,282,354,354,368,388,75,90,100,100,133,145,217,217,247,14,14,24,24,24],"floor_reached":51,"playtime":1806,"items_purged":["Strike_R","Strike_R+1"],"score":1244,"play_id":"a74f8a8f-3b86-4503-b2e7-03328702ea5c","local_time":"20190212234601","is_ascension_mode":true,"campfire_choices":[{"data":"Rampage","floor":6.0,"key":"SMITH"},{"data":"Twin Strike","floor":8.0,"key":"SMITH"},{"floor":10.0,"key":"REST"},{"data":"Strike_R","floor":13.0,"key":"SMITH"},{"data":"Strike_R","floor":15.0,"key":"SMITH"},{"floor":23.0,"key":"REST"},{"data":"Limit Break","floor":25.0,"key":"SMITH"},{"floor":29.0,"key":"REST"},{"floor":32.0,"key":"REST"},{"floor":40.0,"key":"REST"},{"floor":44.0,"key":"REST"},{"floor":47.0,"key":"REST"},{"data":"Impervious","floor":49.0,"key":"SMITH"}],"neow_cost":"NONE","seed_source_timestamp":22714063066000,"circlet_count":0,"master_deck":["AscendersBane","Strike_R+1","Strike_R+1","Defend_R","Defend_R","Defend_R","Bash+1","Twin Strike+1","Offering","Rampage+1","Limit Break+1","Battle Trance","Shrug It Off","Inflame+1","Limit Break+1","Impervious+1","Spot Weakness+1","Disarm","Pummel","Burning Pact","Inflame+1","Dropkick+1"],"special_seed":0,"relics":["Burning Blood","Whetstone","Question Card","Pen Nib","Empty Cage","Regal Pillow","Singing Bowl","FossilizedHelix","Frozen Egg 2","Mark of Pain","Omamori","Boot","Bottled Flame","Shuriken","Strange Spoon"],"potions_floor_usage":[50],"damage_taken":[{"damage":15.0,"enemies":"Small Slimes","floor":1.0,"turns":4.0},{"damage":9.0,"enemies":"Jaw Worm","floor":3.0,"turns":3.0},{"damage":3.0,"enemies":"2 Louse","floor":4.0,"turns":3.0},{"damage":25.0,"enemies":"Lots of Slimes","floor":7.0,"turns":4.0},{"damage":31.0,"enemies":"3 Sentries","floor":12.0,"turns":7.0},{"damage":11.0,"enemies":"Gremlin Gang","floor":14.0,"turns":3.0},{"damage":31.0,"enemies":"Slime Boss","floor":16.0,"turns":8.0},{"damage":13.0,"enemies":"2 Thieves","floor":18.0,"turns":4.0},{"damage":12.0,"enemies":"Spheric Guardian","floor":20.0,"turns":3.0},{"damage":29.0,"enemies":"Snecko","floor":21.0,"turns":4.0},{"damage":13.0,"enemies":"Centurion and Healer","floor":24.0,"turns":6.0},{"damage":11.0,"enemies":"Sentry and Sphere","floor":27.0,"turns":4.0},{"damage":28.0,"enemies":"Colosseum Slavers","floor":30.0,"turns":5.0},{"damage":13.0,"enemies":"Colosseum Nobs","floor":30.0,"turns":4.0},{"damage":39.0,"enemies":"Champ","floor":33.0,"turns":5.0},{"damage":45.0,"enemies":"3 Darklings","floor":35.0,"turns":5.0},{"damage":9.0,"enemies":"Orb Walker","floor":36.0,"turns":3.0},{"damage":21.0,"enemies":"Spire Growth","floor":38.0,"turns":5.0},{"damage":11.0,"enemies":"4 Shapes","floor":39.0,"turns":6.0},{"damage":33.0,"enemies":"Giant Head","floor":41.0,"turns":7.0},{"damage":16.0,"enemies":"Writhing Mass","floor":42.0,"turns":4.0},{"damage":20.0,"enemies":"Nemesis","floor":45.0,"turns":5.0},{"damage":6.0,"enemies":"Maw","floor":48.0,"turns":5.0},{"damage":60,"enemies":"Awakened One","floor":50,"turns":6}],"seed_played":"9081049178505609580","potions_obtained":[{"floor":4.0,"key":"Energy Potion"},{"floor":7.0,"key":"FearPotion"},{"floor":14.0,"key":"PowerPotion"},{"floor":18.0,"key":"Block Potion"},{"floor":24.0,"key":"Explosive Potion"},{"floor":36.0,"key":"FearPotion"},{"floor":39.0,"key":"Weak Potion"},{"floor":42.0,"key":"Swift Potion"},{"floor":48.0,"key":"PowerPotion"}],"is_trial":false,"path_per_floor":["M","?","M","M","$","R","M","R","T","R","?","E","R","M","R","B",null,"M","?","M","M","$","R","M","R","T","M","?","R","?","?","R","B",null,"M","M","$","M","M","R","E","M","T","R","E","$","R","M","R","B",null],"character_chosen":"IRONCLAD","items_purchased":["Rampage","Omamori","Disarm","Inflame+1","Strange Spoon"],"campfire_rested":7,"item_purchase_floors":[5,37,37,46,46],"current_hp_per_floor":[59,48,45,48,48,48,29,29,29,51,75,50,50,45,45,20,61,54,54,48,25,25,62,55,55,55,50,29,68,39,39,78,45,71,32,31,31,18,15,55,28,20,20,61,47,47,88,88,88,34],"gold":24,"neow_bonus":"RANDOM_COMMON_RELIC","is_prod":false,"is_daily":false,"chose_seed":false,"campfire_upgraded":6,"win_rate":0,"timestamp":1550007961,"path_taken":["M","?","M","M","$","R","M","R","T","R","?","E","R","M","R","BOSS","M","?","M","M","$","R","M","R","T","M","?","R","?","?","R","BOSS","M","M","$","?","?","R","E","?","T","R","E","$","R","M","R","BOSS"],"build_version":"2019-01-23","purchased_purges":2,"victory":true,"max_hp_per_floor":[75,75,75,75,75,75,75,75,75,75,75,75,75,75,75,75,75,75,75,75,75,75,75,75,75,75,75,80,80,80,80,80,80,80,80,82,82,84,86,86,86,88,88,88,88,88,88,88,88,88],"card_choices":[{"not_picked":["Pommel Strike","Cleave"],"picked":"Twin Strike","floor":1.0},{"not_picked":["Anger","Combust","Body Slam"],"picked":"SKIP","floor":3.0},{"not_picked":["Blood for Blood","Rage"],"picked":"Offering","floor":4.0},{"not_picked":["Perfected Strike","Shrug It Off","Anger"],"picked":"SKIP","floor":7.0},{"not_picked":["Sword Boomerang","Rage","Clash","Infernal Blade"],"picked":"SKIP","floor":12.0},{"not_picked":["Blood for Blood","Clothesline","Body Slam","Intimidate"],"picked":"SKIP","floor":14.0},{"not_picked":["Fiend Fire","Bludgeon","Immolate"],"picked":"Limit Break","floor":16.0},{"not_picked":["Anger","Thunderclap","Havoc","Cleave"],"picked":"SKIP","floor":18.0},{"not_picked":["Disarm","Perfected Strike","Combust+1"],"picked":"Battle Trance","floor":20.0},{"not_picked":["Clothesline","Evolve","True Grit","Perfected Strike+1"],"picked":"SKIP","floor":21.0},{"not_picked":["Flex","Iron Wave","Bloodletting","Cleave"],"picked":"SKIP","floor":24.0},{"not_picked":["Havoc","Sword Boomerang+1","Body Slam+1"],"picked":"Shrug It Off","floor":27.0},{"not_picked":["Armaments+1","Impervious","Body Slam"],"picked":"Inflame","floor":30.0},{"not_picked":["Juggernaut+1","Feed","Immolate"],"picked":"Impervious","floor":33.0},{"not_picked":["Infernal Blade+1","Carnage","Headbutt"],"picked":"Spot Weakness+1","floor":35.0},{"not_picked":["True Grit","Second Wind+1","Dual Wield+1","Cleave"],"picked":"Singing Bowl","floor":36.0},{"not_picked":["Sentinel+1","Burning Pact","Perfected Strike","Headbutt"],"picked":"Singing Bowl","floor":38.0},{"not_picked":["Entrench","Power Through+1","Twin Strike","Rage"],"picked":"Singing Bowl","floor":39.0},{"not_picked":["Berserk+1","Entrench","Warcry"],"picked":"Pummel","floor":41.0},{"not_picked":["Thunderclap","Twin Strike","Havoc","Sever Soul"],"picked":"Singing Bowl","floor":42.0},{"not_picked":["Spot Weakness+1","Whirlwind","Second Wind"],"picked":"Burning Pact","floor":45.0},{"not_picked":["Clothesline","Havoc","Flex"],"picked":"Dropkick+1","floor":48.0}],"player_experience":721139,"relics_obtained":[{"floor":9.0,"key":"Question Card"},{"floor":12.0,"key":"Pen Nib"},{"floor":26.0,"key":"Singing Bowl"},{"floor":30.0,"key":"FossilizedHelix"},{"floor":30.0,"key":"Frozen Egg 2"},{"floor":41.0,"key":"Boot"},{"floor":43.0,"key":"Bottled Flame"},{"floor":45.0,"key":"Shuriken"}],"event_choices":[{"damage_healed":0.0,"max_hp_gain":0.0,"max_hp_loss":0.0,"gold_gain":75.0,"event_name":"World of Goop","player_choice":"Gather Gold","floor":2.0,"gold_loss":0.0,"damage_taken":11.0},{"damage_healed":25.0,"max_hp_gain":0.0,"max_hp_loss":0.0,"gold_gain":0.0,"event_name":"Big Fish","player_choice":"Banana","floor":11.0,"gold_loss":0.0,"damage_taken":0.0},{"damage_healed":0.0,"max_hp_gain":0.0,"max_hp_loss":0.0,"gold_gain":0.0,"event_name":"Addict","player_choice":"Obtained Relic","floor":19.0,"gold_loss":85.0,"damage_taken":0.0,"relics_obtained":["Regal Pillow"]},{"damage_healed":0.0,"max_hp_gain":5.0,"max_hp_loss":0.0,"gold_gain":0.0,"event_name":"Forgotten Altar","player_choice":"Shed Blood","floor":28.0,"gold_loss":0.0,"damage_taken":26.0},{"damage_healed":0.0,"max_hp_gain":0.0,"max_hp_loss":0.0,"gold_gain":0.0,"event_name":"Colosseum","player_choice":"Fight","floor":30.0,"gold_loss":0.0,"damage_taken":0.0},{"damage_healed":0.0,"max_hp_gain":0.0,"max_hp_loss":0.0,"gold_gain":0.0,"event_name":"Colosseum","player_choice":"Fought Nobs","floor":30.0,"gold_loss":0.0,"damage_taken":0.0},{"damage_healed":0.0,"max_hp_gain":0.0,"max_hp_loss":0.0,"gold_gain":0.0,"event_name":"Duplicator","player_choice":"Copied","floor":31.0,"gold_loss":0.0,"damage_taken":0.0,"cards_obtained":["Limit Break"]}],"is_beta":false,"boss_relics":[{"not_picked":["Calling Bell","Tiny House"],"picked":"Empty Cage"},{"not_picked":["Velvet Choker","Runic Pyramid"],"picked":"Mark of Pain"}],"items_purged_floors":[5,37],"is_endless":false,"potions_floor_spawned":[4,7,12,14,18,24,36,39,42,48],"ascension_level":15}