{"gold_per_floor":[14,28,28,47,47,47,9,9,9,9,38,58,78,89,89,192,192,179,189,201,76,1,28,28,28,53,73,93,122,134,154,154,253,303,323,333,33,0,55,55,74,74,98,98,109,9,28,58,58,58],"floor_reached":51,"playtime":9814,"items_purged":["Defend_G","Defend_G"],"score":816,"play_id":"0a14e879-bc77-4ced-a7ea-2467ffd349d9","local_time":"20180918234726","is_ascension_mode":true,"campfire_choices":[{"floor":6.0,"key":"REST"},{"data":"Neutralize","floor":8.0,"key":"SMITH"},{"floor":15.0,"key":"REST"},{"data":"Predator","floor":24.0,"key":"SMITH"},{"data":"Backflip","floor":32,"key":"SMITH"},{"data":"Underhanded Strike","floor":40,"key":"SMITH"},{"data":"Masterful Stab","floor":42,"key":"SMITH"},{"data":"Footwork","floor":44,"key":"SMITH"},{"data":"Underhanded Strike","floor":49,"key":"SMITH"}],"neow_cost":"NO_GOLD","seed_source_timestamp":325451328095634,"circlet_count":0,"master_deck":["Defend_G","Defend_G","Strike_G","Strike_G+1","Strike_G","Strike_G","Survivor","Neutralize+1","Bullet Time+1","Backflip+1","Crippling Poison","PiercingWail","Caltrops","Malaise+1","Underhanded Strike+1","Predator+1","Acrobatics+1","Doppelganger+1","Tactician+1","Prepared+1","Backflip+1","Underhanded Strike+1","Tools of the Trade","Flying Knee+1","Calculated Gamble+1","Wraith Form v2","Leg Sweep+1","Distraction+1","Dagger Throw+1","Finisher+1","Unload","Acrobatics+1","Distraction+1","Backflip+1","PiercingWail+1","Dagger Spray+1","Masterful Stab+1","Footwork+1","Outmaneuver+1","Escape Plan+1","Quick Slash+1","Blur+1","Phantasmal Killer+1"],"special_seed":0,"relics":["Ring of the Snake","Snake Skull","Ice Cream","Toxic Egg 2","Coffee Dripper","Prayer Wheel","Strawberry","Regal Pillow","Tiny House","Tough Bandages","Red Mask","Mango","PreservedInsect","Shuriken"],"potions_floor_usage":[30,45,50,50],"damage_taken":[{"damage":9.0,"enemies":"Jaw Worm","floor":1.0,"turns":5.0},{"damage":0.0,"enemies":"2 Louse","floor":2.0,"turns":3.0},{"damage":8.0,"enemies":"Small Slimes","floor":4.0,"turns":3.0},{"damage":30.0,"enemies":"Gremlin Nob","floor":11.0,"turns":6.0},{"damage":1.0,"enemies":"Looter","floor":12.0,"turns":4.0},{"damage":0.0,"enemies":"2 Fungi Beasts","floor":13.0,"turns":5.0},{"damage":0.0,"enemies":"Blue Slaver","floor":14.0,"turns":3.0},{"damage":4.0,"enemies":"The Guardian","floor":16.0,"turns":10.0},{"damage":2.0,"enemies":"2 Thieves","floor":18.0,"turns":4.0},{"damage":1.0,"enemies":"3 Byrds","floor":19.0,"turns":5.0},{"damage":0.0,"enemies":"Snecko","floor":20.0,"turns":5.0},{"damage":12.0,"enemies":"Slavers","floor":23.0,"turns":5.0},{"damage":0.0,"enemies":"Colosseum Slavers","floor":25.0,"turns":3.0},{"damage":22.0,"enemies":"Shelled Parasite and Fungi","floor":27.0,"turns":5.0},{"damage":0.0,"enemies":"3 Cultists","floor":28.0,"turns":3.0},{"damage":0.0,"enemies":"Book of Stabbing","floor":29.0,"turns":5.0},{"damage":13,"enemies":"Chosen and Byrds","floor":30,"turns":6},{"damage":0,"enemies":"Centurion and Healer","floor":31,"turns":7},{"damage":25,"enemies":"Automaton","floor":33,"turns":10},{"damage":3,"enemies":"3 Darklings","floor":35,"turns":4},{"damage":0,"enemies":"Orb Walker","floor":36,"turns":4},{"damage":17,"enemies":"Mysterious Sphere","floor":39,"turns":5},{"damage":0,"enemies":"Maw","floor":41,"turns":6},{"damage":0,"enemies":"Reptomancer","floor":45,"turns":4},{"damage":1,"enemies":"4 Shapes","floor":47,"turns":4},{"damage":10,"enemies":"Nemesis","floor":48,"turns":9},{"damage":7,"enemies":"Time Eater","floor":50,"turns":14}],"seed_played":"1935846476864892595","potions_obtained":[{"floor":1.0,"key":"Regen Potion"},{"floor":11.0,"key":"Fire Potion"},{"floor":12.0,"key":"PowerPotion"},{"floor":14.0,"key":"Energy Potion"},{"floor":28.0,"key":"Energy Potion"},{"floor":30,"key":"Poison Potion"},{"floor":34,"key":"SkillPotion"},{"floor":45,"key":"Strength Potion"}],"is_trial":false,"path_per_floor":["M","M","?","M","?","R","$","R","T","T","E","M","M","M","R","B",null,"M","M","M","$","?","E","R","?","T","M","M","E","M","M","R","B",null,"M","M","$","?","?","R","M","R","T","R","M","$","M","E","R","B"],"character_chosen":"THE_SILENT","items_purchased":["Caltrops","Underhanded Strike","Tough Bandages"],"campfire_rested":2,"item_purchase_floors":[7,21,37],"current_hp_per_floor":[61,61,47,39,32,53,53,53,53,53,23,22,22,22,43,39,70,68,67,67,67,67,55,55,55,62,40,40,40,39,39,39,14,82,79,79,79,79,76,76,76,76,76,76,76,76,75,65,65,58],"gold":58,"neow_bonus":"THREE_RARE_CARDS","is_prod":false,"is_daily":false,"chose_seed":false,"campfire_upgraded":7,"win_rate":0,"timestamp":1537328846,"path_taken":["M","M","?","M","?","R","$","R","T","?","E","M","M","?","R","BOSS","M","M","M","$","?","E","R","?","T","?","M","E","M","?","R","BOSS","M","M","$","?","?","R","M","R","T","R","?","$","?","E","R","BOSS"],"build_version":"2018-09-06","purchased_purges":2,"victory":true,"max_hp_per_floor":[70,70,70,70,70,70,70,70,70,70,70,70,70,70,70,70,70,70,70,70,70,70,70,70,70,77,77,77,77,77,77,77,77,82,82,82,82,82,96,96,96,96,96,96,96,96,96,96,96,96],"card_choices":[{"not_picked":["Phantasmal Killer","Malaise"],"picked":"Bullet Time","floor":0.0},{"not_picked":["Expertise","Outmaneuver"],"picked":"Backflip","floor":1.0},{"not_picked":["Backstab","Catalyst"],"picked":"Crippling Poison","floor":2.0},{"not_picked":["Quick Slash","Riddle With Holes"],"picked":"PiercingWail","floor":4.0},{"not_picked":["Backflip","Quick Slash"],"picked":"Malaise","floor":11.0},{"not_picked":["Skewer","Expertise+1"],"picked":"Underhanded Strike","floor":12.0},{"not_picked":["Distraction+1","Deflect+1"],"picked":"Predator","floor":13.0},{"not_picked":["Accuracy","Flechettes"],"picked":"Acrobatics+1","floor":14.0},{"not_picked":["Venomology+1","Malaise+1"],"picked":"Doppelganger+1","floor":16.0},{"not_picked":["Backflip+1","Choke"],"picked":"Tactician+1","floor":18.0},{"not_picked":["Flechettes","Setup+1"],"picked":"Prepared+1","floor":19.0},{"not_picked":["PiercingWail+1","Concentrate+1"],"picked":"Backflip+1","floor":20.0},{"not_picked":["Blade Dance+1","Deadly Poison+1"],"picked":"Tools of the Trade","floor":23.0},{"not_picked":["Prepared+1","Slice"],"picked":"Flying Knee+1","floor":27.0},{"not_picked":["Blade Dance+1","Expertise+1"],"picked":"Calculated Gamble+1","floor":27.0},{"not_picked":["Cloak And Dagger+1","Dagger Spray","Accuracy"],"picked":"SKIP","floor":28.0},{"not_picked":["Dagger Throw","Deadly Poison+1","Bane"],"picked":"SKIP","floor":28.0},{"not_picked":["Prepared+1","Deadly Poison+1"],"picked":"Wraith Form v2","floor":29.0},{"not_picked":["Setup+1","Bane"],"picked":"Leg Sweep+1","floor":30},{"not_picked":["Slice","Predator"],"picked":"Distraction+1","floor":30},{"not_picked":["Setup+1","Accuracy"],"picked":"Dagger Throw","floor":31},{"not_picked":["Dagger Spray+1","Cloak And Dagger+1"],"picked":"Finisher+1","floor":31},{"not_picked":["Burst+1","Storm of Steel+1"],"picked":"Unload","floor":33},{"not_picked":["Blade Dance+1","Predator+1"],"picked":"Acrobatics+1","floor":34},{"not_picked":["Acrobatics+1","Bouncing Flask+1"],"picked":"Distraction+1","floor":35},{"not_picked":["Deflect+1","Acrobatics+1"],"picked":"Backflip+1","floor":35},{"not_picked":["Outmaneuver+1","Prepared+1"],"picked":"PiercingWail+1","floor":36},{"not_picked":["Quick Slash","Cloak And Dagger+1","Envenom"],"picked":"SKIP","floor":36},{"not_picked":["Deadly Poison+1","PiercingWail+1"],"picked":"Dagger Spray+1","floor":39},{"not_picked":["Accuracy","Slice"],"picked":"Masterful Stab","floor":41},{"not_picked":["Expertise+1","Bouncing Flask+1"],"picked":"Footwork","floor":41},{"not_picked":["Bane","Leg Sweep+1"],"picked":"Outmaneuver+1","floor":45},{"not_picked":["Slice","Blade Dance+1"],"picked":"Escape Plan+1","floor":45},{"not_picked":["Acrobatics+1","Blade Dance+1"],"picked":"Quick Slash+1","floor":47},{"not_picked":["Leg Sweep+1","Prepared+1"],"picked":"Blur+1","floor":47},{"not_picked":["Underhanded Strike+1","Leg Sweep+1"],"picked":"Phantasmal Killer+1","floor":48}],"player_experience":415090,"relics_obtained":[{"floor":9.0,"key":"Snake Skull"},{"floor":10.0,"key":"Ice Cream"},{"floor":11.0,"key":"Toxic Egg 2"},{"floor":23.0,"key":"Prayer Wheel"},{"floor":26.0,"key":"Strawberry"},{"floor":29.0,"key":"Regal Pillow"},{"floor":39,"key":"Mango"},{"floor":43,"key":"PreservedInsect"},{"floor":48,"key":"Shuriken"}],"event_choices":[{"event_name":"Shining Light","player_choice":"Entered Light","floor":3.0,"damage_taken":0.0},{"event_name":"Golden Wing","player_choice":"Card Removal","floor":5.0,"damage_taken":0.0},{"event_name":"Beggar","player_choice":"Gave Gold","floor":22.0,"damage_taken":0.0},{"event_name":"Colosseum","player_choice":"Fight","floor":25.0,"damage_taken":0.0},{"event_name":"Colosseum","player_choice":"Fled From Nobs","floor":25.0,"damage_taken":0.0},{"event_name":"Tomb of Lord Red Mask","player_choice":"Paid","floor":38,"damage_taken":0},{"event_name":"Mysterious Sphere","player_choice":"Fight","floor":39,"damage_taken":0}],"is_beta":false,"boss_relics":[{"not_picked":["Eternal Feather","Busted Crown"],"picked":"Coffee Dripper"},{"not_picked":["Velvet Choker","Calling Bell"],"picked":"Tiny House"}],"items_purged_floors":[21,46],"is_endless":false,"potions_floor_spawned":[1,11,12,14,19,20,25,28,30,31,39,45,47],"ascension_level":2}