{"gold_per_floor":[109,124,199,216,15,15,32,32,32,65,81,81,181,198,198,294,294,304,91,103,114,132,132,55,55,110,110,144,158,158,169,169,274,274,293,304,321,6,25,56,56,56],"floor_reached":42,"playtime":9029,"items_purged":[],"score":477,"play_id":"67262a04-d7c2-4cbb-b972-44244633f11a","local_time":"20180708161514","is_ascension_mode":false,"campfire_choices":[{"data":"Secret Weapon","floor":6,"key":"SMITH"},{"floor":8,"key":"REST"},{"floor":12,"key":"REST"},{"data":"Gash","floor":15,"key":"SMITH"},{"floor":25,"key":"REST"},{"data":"Echo Form","floor":27,"key":"SMITH"},{"floor":30,"key":"REST"},{"data":"Gash","floor":32,"key":"SMITH"},{"floor":41,"key":"REST"}],"neow_cost":"","seed_source_timestamp":0,"circlet_count":0,"master_deck":["Strike_B","Strike_B+1","Strike_B+1","Strike_B","Defend_B","Defend_B","Defend_B","Zap","Dualcast","Compile Driver","Coolheaded","Self Repair","Secret Weapon+1","Hologram","Conserve Battery","Gash+1","Redo","Rebound","Echo Form+1","Double Energy+1","Coolheaded","Heatsinks","Gash+1","Glacier","J.A.X.","Reprogram","Storm+1","Defragment","Machine Learning","Static Discharge","Compile Driver+1","Redo+1","Heatsinks+1","Cold Snap+1","Thunder Strike","Steam+1"],"special_seed":17720,"relics":["Cracked Core","Orichalcum","Matryoshka","Nuclear Battery","TwistedFunnel","Oddly Smooth Stone","Centennial Puzzle","Whetstone","Philosopher\u0027s Stone","Frozen Egg 2","Dream Catcher"],"potions_floor_usage":[18,20,22,37,37,42],"damage_taken":[{"damage":0,"enemies":"2 Louse","floor":1,"turns":1},{"damage":1,"enemies":"Cultist","floor":2,"turns":3},{"damage":0,"enemies":"Small Slimes","floor":4,"turns":2},{"damage":11,"enemies":"Looter","floor":7,"turns":3},{"damage":20,"enemies":"Lagavulin","floor":10,"turns":12},{"damage":14,"enemies":"Gremlin Gang","floor":11,"turns":5},{"damage":8,"enemies":"Blue Slaver","floor":14,"turns":4},{"damage":24,"enemies":"Slime Boss","floor":16,"turns":13},{"damage":29,"enemies":"2 Thieves","floor":18,"turns":4},{"damage":6,"enemies":"Chosen","floor":20,"turns":7},{"damage":18,"enemies":"Slaver and Parasite","floor":21,"turns":7},{"damage":13,"enemies":"Sentry and Sphere","floor":22,"turns":4},{"damage":27,"enemies":"Gremlin Leader","floor":28,"turns":7},{"damage":9,"enemies":"Centurion and Healer","floor":29,"turns":6},{"damage":2,"enemies":"3 Cultists","floor":31,"turns":5},{"damage":45,"enemies":"Automaton","floor":33,"turns":14},{"damage":23,"enemies":"3 Darklings","floor":35,"turns":5},{"damage":11,"enemies":"Orb Walker","floor":36,"turns":3},{"damage":32,"enemies":"4 Shapes","floor":37,"turns":4},{"damage":6,"enemies":"Sphere and 2 Shapes","floor":39,"turns":3},{"damage":51,"enemies":"Nemesis","floor":40,"turns":7},{"damage":44,"enemies":"2 Orb Walkers","floor":42,"turns":2}],"seed_played":"5952392564398475268","potions_obtained":[{"floor":2,"key":"LiquidBronze"},{"floor":4,"key":"Weak Potion"},{"floor":7,"key":"EssenceOfSteel"},{"floor":10,"key":"SkillPotion"},{"floor":18,"key":"FairyPotion"},{"floor":22,"key":"Weak Potion"},{"floor":28,"key":"Ancient Potion"},{"floor":29,"key":"Energy Potion"},{"floor":39,"key":"Strength Potion"}],"is_trial":false,"path_per_floor":["M","M","?","M","$","R","M","R","T","E","M","R","?","M","R","B",null,"M","$","M","M","M","?","?","R","T","R","E","M","R","M","R","B",null,"M","M","M","$","M","E","R"],"character_chosen":"DEFECT","items_purchased":["Secret Weapon","Hologram","TwistedFunnel","Coolheaded","Frozen Egg 2","Heatsinks+1"],"campfire_rested":5,"item_purchase_floors":[5,5,19,19,38,38],"current_hp_per_floor":[75,74,63,63,63,63,59,75,75,62,55,75,75,74,74,50,75,53,53,61,50,44,44,44,66,66,66,46,44,66,71,71,33,75,59,55,30,30,31,14,36,0],"gold":56,"neow_bonus":"","is_prod":false,"is_daily":false,"chose_seed":false,"campfire_upgraded":4,"win_rate":1,"timestamp":1531080914,"path_taken":["M","M","?","M","$","R","M","R","T","E","M","R","?","M","R","BOSS","M","$","?","M","M","?","?","R","T","R","E","M","R","M","R","BOSS","M","M","M","$","M","E","R","E"],"build_version":"2018-07-05","purchased_purges":0,"victory":false,"max_hp_per_floor":[75,75,75,75,75,75,75,75,75,75,75,75,75,75,75,75,75,75,75,75,75,75,75,75,75,75,75,75,75,75,75,75,75,75,75,75,75,75,75,75,75,75],"card_choices":[{"not_picked":["Sweeping Beam","Reprogram"],"picked":"Compile Driver","floor":1},{"not_picked":["Ball Lightning","Hologram"],"picked":"Coolheaded","floor":2},{"not_picked":["Beam Cell","Ball Lightning"],"picked":"Self Repair","floor":4},{"not_picked":["Beam Cell","Heatsinks"],"picked":"Conserve Battery","floor":7},{"not_picked":["Conserve Battery","Buffer"],"picked":"Gash","floor":10},{"not_picked":["Leap","Coolheaded"],"picked":"Redo","floor":11},{"not_picked":["Steam","Sweeping Beam"],"picked":"Rebound","floor":14},{"not_picked":["All For One","Fission"],"picked":"Echo Form","floor":16},{"not_picked":["Fusion","FTL"],"picked":"Double Energy+1","floor":18},{"not_picked":["Reprogram","Barrage"],"picked":"Heatsinks","floor":20},{"not_picked":["Cold Snap","Leap+1"],"picked":"Gash","floor":21},{"not_picked":["Undo","Cold Snap+1"],"picked":"Glacier","floor":22},{"not_picked":["Hologram","Coolheaded"],"picked":"Reprogram","floor":28},{"not_picked":["Stack","Leap"],"picked":"Storm+1","floor":29},{"not_picked":["Capacitor","Streamline+1"],"picked":"Defragment","floor":31},{"not_picked":["Amplify","All For One"],"picked":"Machine Learning","floor":33},{"not_picked":["Rebound+1","Aggregate+1"],"picked":"Static Discharge","floor":35},{"not_picked":["Hologram+1","Leap"],"picked":"Compile Driver+1","floor":36},{"not_picked":["Go for the Eyes","Steam"],"picked":"Redo+1","floor":37},{"not_picked":["Beam Cell","Conserve Battery+1"],"picked":"Cold Snap+1","floor":39},{"not_picked":["Hologram+1","Buffer+1"],"picked":"Thunder Strike","floor":40},{"not_picked":["Steam Power+1","Reprogram"],"picked":"Steam+1","floor":41}],"player_experience":22256,"relics_obtained":[{"floor":9,"key":"Orichalcum"},{"floor":10,"key":"Matryoshka"},{"floor":26,"key":"Oddly Smooth Stone"},{"floor":26,"key":"Centennial Puzzle"},{"floor":28,"key":"Whetstone"},{"floor":40,"key":"Dream Catcher"}],"event_choices":[{"event_name":"World of Goop","player_choice":"Gather Gold","floor":3,"damage_taken":0},{"event_name":"Golden Shrine","player_choice":"Pray","floor":13,"damage_taken":0},{"event_name":"Purifier","player_choice":"One Purge","floor":23,"damage_taken":0},{"event_name":"Drug Dealer","player_choice":"Got JAXXED","floor":24,"damage_taken":0}],"boss_relics":[{"not_picked":["Runic Pyramid","Astrolabe"],"picked":"Nuclear Battery"},{"not_picked":["Calling Bell","Runic Dome"],"picked":"Philosopher\u0027s Stone"}],"items_purged_floors":[],"is_endless":false,"potions_floor_spawned":[2,4,7,10,18,22,28,29,33,35,39],"killed_by":"2 Orb Walkers","ascension_level":0}