{"gold_per_floor":[116,0,17,17,31,31,66,66,66,93,105,136,165,233,245,360,372,403,415,161,161],"floor_reached":21,"playtime":1051,"items_purged":["Shame","Pain"],"score":290,"play_id":"6fbe0202-0e1b-4141-a3db-d37e38f1464b","local_time":"20190201012001","is_ascension_mode":true,"campfire_choices":[{"data":"Noxious Fumes","floor":6,"key":"SMITH"},{"data":"Neutralize","floor":8,"key":"SMITH"},{"floor":11,"key":"REST"},{"data":"Dodge and Roll","floor":15,"key":"SMITH"}],"neow_cost":"CURSE","seed_source_timestamp":1122408406901348,"circlet_count":0,"master_deck":["AscendersBane","Defend_G","Defend_G","Defend_G","Defend_G","Defend_G","Strike_G","Strike_G","Strike_G","Strike_G","Strike_G","Survivor","Neutralize+1","Poisoned Stab","Noxious Fumes+1","Flying Knee","Bane","Dodge and Roll+1","Burst+1","Heel Hook","Well Laid Plans","After Image","Parasite","Regret","Dodge and Roll+1","Chrysalis+1"],"relics":["Ring of the Snake","FossilizedHelix","Pear","Blood Vial","Toxic Egg 2","MawBank","Juzu Bracelet","Calling Bell","Vajra","Meat on the Bone","The Specimen"],"potions_floor_usage":[7,14,16,16],"damage_taken":[{"damage":0,"enemies":"2 Louse","floor":1,"turns":3},{"damage":0,"enemies":"Jaw Worm","floor":3,"turns":4},{"damage":0,"enemies":"Small Slimes","floor":5,"turns":3},{"damage":20,"enemies":"3 Sentries","floor":7,"turns":7},{"damage":23,"enemies":"Gremlin Nob","floor":10,"turns":5},{"damage":0,"enemies":"2 Fungi Beasts","floor":12,"turns":4},{"damage":0,"enemies":"Large Slime","floor":13,"turns":6},{"damage":10,"enemies":"3 Sentries","floor":14,"turns":8},{"damage":48,"enemies":"Slime Boss","floor":16,"turns":13},{"damage":55,"enemies":"Chosen","floor":18,"turns":9},{"damage":48,"enemies":"3 Byrds","floor":21,"turns":4}],"seed_played":"-5350904645851502846","potions_obtained":[{"floor":1,"key":"Poison Potion"},{"floor":10,"key":"PowerPotion"},{"floor":12,"key":"Poison Potion"},{"floor":14,"key":"AttackPotion"},{"floor":18,"key":"Ancient Potion"}],"is_trial":false,"path_per_floor":["M","$","M","?","M","R","E","R","T","E","R","M","M","?","R","B",null,"M","?","$","M"],"character_chosen":"THE_SILENT","items_purchased":["Noxious Fumes","Chrysalis+1"],"campfire_rested":1,"item_purchase_floors":[2,20],"current_hp_per_floor":[63,63,63,70,70,70,50,50,50,29,53,55,57,49,49,3,61,20,46,46,0],"gold":161,"neow_bonus":"ONE_RARE_RELIC","is_prod":false,"is_daily":false,"chose_seed":false,"campfire_upgraded":3,"win_rate":0,"timestamp":1549002001,"path_taken":["M","$","M","?","M","R","E","R","T","E","R","M","M","?","R","BOSS","M","?","$","M"],"build_version":"2019-01-23","purchased_purges":2,"victory":false,"max_hp_per_floor":[70,70,70,80,80,80,80,80,80,80,80,80,80,80,80,80,80,80,80,80,80],"card_choices":[{"not_picked":["Expertise","Blur"],"picked":"Poisoned Stab","floor":1},{"not_picked":["Acrobatics","Finisher"],"picked":"Flying Knee","floor":3},{"not_picked":["Catalyst","Dagger Throw"],"picked":"Bane","floor":5},{"not_picked":["Deflect","Bane"],"picked":"Dodge and Roll","floor":7},{"not_picked":["Underhanded Strike","Noxious Fumes"],"picked":"Burst+1","floor":10},{"not_picked":["Outmaneuver+1","Eviscerate"],"picked":"Heel Hook","floor":12},{"not_picked":["Finisher","Flying Knee","Outmaneuver+1"],"picked":"SKIP","floor":13},{"not_picked":["Flying Knee","Accuracy"],"picked":"Well Laid Plans","floor":14},{"not_picked":["Tools of the Trade","Wraith Form v2"],"picked":"After Image","floor":16},{"not_picked":["Noxious Fumes","Dagger Throw"],"picked":"Dodge and Roll+1","floor":18}],"player_experience":572846,"relics_obtained":[{"floor":7,"key":"Blood Vial"},{"floor":9,"key":"Toxic Egg 2"},{"floor":10,"key":"MawBank"},{"floor":14,"key":"Juzu Bracelet"},{"floor":17,"key":"Vajra"},{"floor":17,"key":"Meat on the Bone"},{"floor":17,"key":"The Specimen"}],"event_choices":[{"damage_healed":0,"gold_gain":0,"player_choice":"Success","damage_taken":3,"relics_obtained":["Pear"],"max_hp_gain":0,"max_hp_loss":0,"event_name":"Scrap Ooze","floor":4,"gold_loss":0},{"damage_healed":0,"gold_gain":0,"player_choice":"Searched \u00271\u0027 times","damage_taken":0,"max_hp_gain":0,"max_hp_loss":0,"event_name":"Dead Adventurer","floor":14,"gold_loss":0},{"damage_healed":26,"gold_gain":0,"player_choice":"Heal","damage_taken":0,"max_hp_gain":0,"max_hp_loss":0,"event_name":"The Library","floor":19,"gold_loss":0}],"is_beta":true,"boss_relics":[{"not_picked":["Lizard Tail","Busted Crown"],"picked":"Calling Bell"}],"items_purged_floors":[2,20],"is_endless":false,"potions_floor_spawned":[1,10,12,14,18],"killed_by":"3 Byrds","ascension_level":11}