{"gold_per_floor":[361,84,159,173,189,222,222,234,286,286,317,317,317,346,346,441,441,454,118,118,118,134,166,166,185,212,230,17,17,50,69,69,173,173,191,211,225,103,114,114,114,132,132,12,27,27,27,40,40,40,40,40,2,34,34],"floor_reached":55,"playtime":3830,"items_purged":["Strike_R","Strike_R"],"score":752,"play_id":"056974d3-6944-4ef7-84f1-2fcf9f18d660","local_time":"20190212220330","is_ascension_mode":false,"campfire_choices":[{"data":"Pommel Strike","floor":7.0,"key":"SMITH"},{"data":"Flex","floor":10.0,"key":"SMITH"},{"data":"Shockwave","floor":15.0,"key":"SMITH"},{"floor":24.0,"key":"REST"},{"data":"Inflame","floor":32.0,"key":"SMITH"},{"data":"Offering","floor":40.0,"key":"SMITH"},{"floor":49.0,"key":"RECALL"},{"data":"Demon Form","floor":52.0,"key":"SMITH"}],"neow_cost":"TEN_PERCENT_HP_LOSS","seed_source_timestamp":0,"circlet_count":0,"master_deck":["Defend_R+1","Defend_R+1","Defend_R+1","Bash","Flex+1","Shrug It Off","Pommel Strike+1","Shrug It Off","Shockwave+1","Uppercut","Offering+1","Double Tap","Metallicize","Rupture","Cleave+1","Entrench+1","Flame Barrier","Inflame+1","Hemokinesis+1","Immolate","Disarm+1","Pommel Strike+1","Limit Break+1","Wild Strike+1","Blood for Blood+1","Demon Form+1","Bash+1","Double Tap","Inflame"],"special_seed":0,"relics":["Burning Blood","Regal Pillow","Dodecahedron","Orichalcum","Vajra","Blood Vial","The Courier","White Beast Statue","Matryoshka","Art of War","Bag of Preparation","Lantern","Sling","Singing Bowl","Astrolabe","Pen Nib","Molten Egg 2","Bag of Marbles"],"potions_floor_usage":[55,55],"damage_taken":[{"damage":2.0,"enemies":"2 Louse","floor":1.0,"turns":3.0},{"damage":2.0,"enemies":"Small Slimes","floor":4.0,"turns":4.0},{"damage":3.0,"enemies":"Jaw Worm","floor":5.0,"turns":3.0},{"damage":32.0,"enemies":"3 Sentries","floor":6.0,"turns":12.0},{"damage":0.0,"enemies":"Red Slaver","floor":8.0,"turns":3.0},{"damage":0.0,"enemies":"Gremlin Nob","floor":11.0,"turns":3.0},{"damage":28.0,"enemies":"3 Sentries","floor":14.0,"turns":8.0},{"damage":14.0,"enemies":"Hexaghost","floor":16.0,"turns":9.0},{"damage":5.0,"enemies":"Chosen","floor":18.0,"turns":5.0},{"damage":16.0,"enemies":"3 Byrds","floor":22.0,"turns":7.0},{"damage":24.0,"enemies":"Book of Stabbing","floor":23.0,"turns":8.0},{"damage":9.0,"enemies":"Centurion and Healer","floor":25.0,"turns":6.0},{"damage":9.0,"enemies":"Snake Plant","floor":27.0,"turns":3.0},{"damage":7.0,"enemies":"Slavers","floor":30.0,"turns":4.0},{"damage":13.0,"enemies":"Sentry and Sphere","floor":31.0,"turns":7.0},{"damage":49.0,"enemies":"Automaton","floor":33.0,"turns":10.0},{"damage":6.0,"enemies":"3 Darklings","floor":35.0,"turns":2.0},{"damage":8.0,"enemies":"Orb Walker","floor":36.0,"turns":4.0},{"damage":16.0,"enemies":"Jaw Worm Horde","floor":37.0,"turns":2.0},{"damage":21.0,"enemies":"3 Darklings","floor":39.0,"turns":4.0},{"damage":49.0,"enemies":"Transient","floor":42.0,"turns":5.0},{"damage":6.0,"enemies":"4 Shapes","floor":45.0,"turns":1.0},{"damage":2.0,"enemies":"Jaw Worm Horde","floor":48.0,"turns":2.0},{"damage":37.0,"enemies":"Time Eater","floor":50.0,"turns":11.0},{"damage":41.0,"enemies":"Shield and Spear","floor":54.0,"turns":5.0},{"damage":58,"enemies":"The Heart","floor":55,"turns":5}],"seed_played":"526592595407435142","potions_obtained":[{"floor":1.0,"key":"Regen Potion"},{"floor":5.0,"key":"EssenceOfSteel"},{"floor":6.0,"key":"Block Potion"},{"floor":11.0,"key":"SkillPotion"},{"floor":18.0,"key":"Swift Potion"},{"floor":22.0,"key":"SpeedPotion"},{"floor":23.0,"key":"Energy Potion"},{"floor":25.0,"key":"Ancient Potion"},{"floor":27.0,"key":"Explosive Potion"},{"floor":30.0,"key":"SkillPotion"},{"floor":31.0,"key":"PowerPotion"},{"floor":33.0,"key":"Weak Potion"},{"floor":35.0,"key":"GamblersBrew"},{"floor":36.0,"key":"SpeedPotion"},{"floor":37.0,"key":"Fire Potion"},{"floor":39.0,"key":"BloodPotion"},{"floor":42.0,"key":"Energy Potion"},{"floor":45.0,"key":"FearPotion"},{"floor":48.0,"key":"PowerPotion"},{"floor":54.0,"key":"LiquidBronze"}],"is_trial":false,"path_per_floor":["?","?","T","?","?","?","M","?","$","?","M"],"character_chosen":"IRONCLAD","items_purchased":["Shrug It Off","Regal Pillow","Matryoshka","Metallicize","Inflame","Sling","Pen Nib","Demon Form","AttackPotion"],"campfire_rested":1,"item_purchase_floors":[2,2,19,19,28,28,38,44,53],"current_hp_per_floor":[72,72,61,65,68,57,57,63,63,63,69,69,69,49,49,43,72,72,72,72,59,51,35,73,72,72,71,71,71,72,69,69,28,79,81,81,73,73,60,60,60,29,29,29,33,33,33,41,41,12,89,89,89,54,0],"gold":34,"neow_bonus":"TWO_FIFTY_GOLD","is_prod":false,"is_daily":false,"chose_seed":false,"campfire_upgraded":6,"win_rate":0,"timestamp":1549969410,"path_taken":["M","$","?","M","M","E","R","M","T","R","E","?","?","E","R","BOSS","M","$","?","?","M","E","R","M","T","M","$","?","E","M","R","BOSS","M","?","M","$","M","R","?","M","T","?","M","?","$","?","R","BOSS","R","$","E","BOSS"],"build_version":"2019-01-23","purchased_purges":2,"victory":false,"max_hp_per_floor":[72,72,72,72,72,72,72,72,72,72,72,72,72,72,72,72,72,72,72,72,77,77,77,77,77,77,77,77,77,77,79,79,79,79,81,83,83,83,83,83,83,85,85,85,87,87,87,89,89,89,89,89,89,89,89],"card_choices":[{"not_picked":["Uppercut","Rupture"],"picked":"Flex","floor":1.0},{"not_picked":["Searing Blow","Evolve","Wild Strike"],"picked":"SKIP","floor":4.0},{"not_picked":["Perfected Strike","Thunderclap"],"picked":"Pommel Strike","floor":5.0},{"not_picked":["Hemokinesis","Warcry"],"picked":"Shrug It Off","floor":6.0},{"not_picked":["Evolve","Carnage"],"picked":"Shockwave","floor":8.0},{"not_picked":["Havoc","Shockwave"],"picked":"Uppercut","floor":11.0},{"not_picked":["Iron Wave","Anger"],"picked":"Offering","floor":14.0},{"not_picked":["Brutality","Offering"],"picked":"Double Tap","floor":16.0},{"not_picked":["Reckless Charge","Dual Wield","Second Wind+1"],"picked":"SKIP","floor":18.0},{"not_picked":["Sever Soul+1","Anger"],"picked":"Rupture","floor":22.0},{"not_picked":["Power Through","Perfected Strike"],"picked":"Cleave+1","floor":23.0},{"not_picked":["Twin Strike+1","Body Slam+1"],"picked":"Entrench","floor":25.0},{"not_picked":["Armaments","Fire Breathing"],"picked":"Flame Barrier","floor":27.0},{"not_picked":["Havoc","Iron Wave"],"picked":"Hemokinesis+1","floor":30.0},{"not_picked":["Disarm+1","Pummel","Cleave"],"picked":"Singing Bowl","floor":31.0},{"not_picked":["Bludgeon","Dark Embrace"],"picked":"Immolate","floor":33.0},{"not_picked":["Havoc+1","Thunderclap+1","Warcry+1"],"picked":"Singing Bowl","floor":35.0},{"not_picked":["Sword Boomerang","Pummel+1","Power Through"],"picked":"Singing Bowl","floor":36.0},{"not_picked":["Second Wind+1","Body Slam"],"picked":"Wild Strike+1","floor":37.0},{"not_picked":["Clash","Double Tap"],"picked":"Blood for Blood+1","floor":39.0},{"not_picked":["Cleave","Fire Breathing","Iron Wave"],"picked":"Singing Bowl","floor":42.0},{"not_picked":["Iron Wave+1","Flex","Burning Pact+1"],"picked":"Singing Bowl","floor":45.0},{"not_picked":["Headbutt+1","Body Slam+1","Metallicize"],"picked":"Singing Bowl","floor":48.0},{"not_picked":["Infernal Blade+1","Headbutt+1"],"picked":"Inflame","floor":54.0}],"player_experience":101036,"relics_obtained":[{"floor":6.0,"key":"Dodecahedron"},{"floor":9.0,"key":"Orichalcum"},{"floor":11.0,"key":"Vajra"},{"floor":13.0,"key":"Blood Vial"},{"floor":14.0,"key":"The Courier"},{"floor":23.0,"key":"Art of War"},{"floor":26.0,"key":"Bag of Preparation"},{"floor":26.0,"key":"Lantern"},{"floor":30.0,"key":"Singing Bowl"},{"floor":43.0,"key":"Molten Egg 2"},{"floor":54.0,"key":"Bag of Marbles"}],"event_choices":[{"damage_healed":0.0,"max_hp_gain":0.0,"max_hp_loss":0.0,"gold_gain":75.0,"event_name":"World of Goop","player_choice":"Gather Gold","floor":3.0,"gold_loss":0.0,"damage_taken":11.0},{"cards_removed":["Strike_R"],"damage_healed":0.0,"max_hp_gain":0.0,"max_hp_loss":0.0,"gold_gain":0.0,"event_name":"Living Wall","player_choice":"Forget","floor":12.0,"gold_loss":0.0,"damage_taken":0.0},{"damage_healed":0.0,"max_hp_gain":0.0,"max_hp_loss":0.0,"gold_gain":0.0,"event_name":"Back to Basics","player_choice":"Simplicity","floor":20.0,"gold_loss":0.0,"damage_taken":0.0,"cards_upgraded":["Strike_R","Strike_R","Defend_R","Defend_R","Defend_R","Defend_R"]},{"damage_healed":0.0,"max_hp_gain":5.0,"max_hp_loss":0.0,"gold_gain":0.0,"event_name":"Forgotten Altar","player_choice":"Shed Blood","floor":21.0,"gold_loss":0.0,"damage_taken":18.0},{"damage_healed":0.0,"max_hp_gain":0.0,"max_hp_loss":0.0,"gold_gain":0.0,"event_name":"Upgrade Shrine","player_choice":"Upgraded","floor":29.0,"gold_loss":0.0,"damage_taken":0.0,"cards_upgraded":["Entrench"]},{"damage_healed":0.0,"max_hp_gain":0.0,"max_hp_loss":0.0,"gold_gain":0.0,"event_name":"Mysterious Sphere","player_choice":"Ignored","floor":41.0,"gold_loss":0.0,"damage_taken":0.0},{"damage_healed":0.0,"max_hp_gain":0.0,"max_hp_loss":0.0,"gold_gain":0.0,"event_name":"Match and Keep!","player_choice":"2 cards matched","floor":46.0,"gold_loss":0.0,"damage_taken":0.0,"cards_obtained":["Bash","Double Tap"]}],"is_beta":false,"boss_relics":[{"not_picked":["Snecko Eye","Tiny House"],"picked":"White Beast Statue"},{"not_picked":["Eternal Feather","Sozu"],"picked":"Astrolabe"}],"items_purged_floors":[2,19],"is_endless":false,"potions_floor_spawned":[1,5,6,11,18,22,23,25,27,30,31,33,35,36,37,39,42,45,48,54],"killed_by":"The Heart","ascension_level":0}