{"gold_per_floor":[109,109,125,143,158,158,158,158,158,128,147,72,72,89,89,89],"floor_reached":16,"playtime":1128,"items_purged":["Strike_G"],"score":94,"play_id":"693069c4-880d-4a52-b1c8-6f8bbcd5bc9d","local_time":"20190105003224","is_ascension_mode":false,"campfire_choices":[{"data":"Survivor","floor":6,"key":"SMITH"},{"data":"Prepared","floor":8,"key":"SMITH"},{"data":"Blur","floor":13,"key":"SMITH"},{"data":"Backflip","floor":15,"key":"SMITH"}],"neow_cost":"NONE","seed_source_timestamp":341503720778281,"circlet_count":0,"master_deck":["Defend_G","Defend_G","Defend_G","Defend_G","Defend_G","Strike_G","Strike_G","Strike_G","Survivor+1","Neutralize+1","Deflect+1","Prepared+1","Blur+1","Backflip+1"],"relics":["Ring of the Snake","Centennial Puzzle"],"potions_floor_usage":[],"damage_taken":[{"damage":0,"enemies":"2 Louse","floor":1,"turns":3},{"damage":0,"enemies":"Cultist","floor":3,"turns":3},{"damage":11,"enemies":"Jaw Worm","floor":4,"turns":4},{"damage":1,"enemies":"Red Slaver","floor":5,"turns":6},{"damage":0,"enemies":"Exordium Thugs","floor":10,"turns":7},{"damage":18,"enemies":"Gremlin Gang","floor":11,"turns":7},{"damage":0,"enemies":"2 Fungi Beasts","floor":14,"turns":6},{"damage":32,"enemies":"Hexaghost","floor":16,"turns":16}],"seed_played":"5681278521631705354","potions_obtained":[{"floor":3,"key":"GamblersBrew"},{"floor":4,"key":"GamblersBrew"},{"floor":11,"key":"Fire Potion"}],"is_trial":false,"path_per_floor":["M","?","M","M","M","R","?","R","T","M","M","$","R","M","R","B"],"character_chosen":"THE_SILENT","items_purchased":[],"campfire_rested":0,"item_purchase_floors":[],"current_hp_per_floor":[77,62,62,51,50,50,50,50,50,50,32,32,32,32,32,0],"gold":89,"neow_bonus":"TEN_PERCENT_HP_BONUS","is_prod":false,"is_daily":false,"chose_seed":false,"campfire_upgraded":4,"win_rate":0,"timestamp":1546644744,"path_taken":["M","?","M","M","M","R","?","R","T","M","M","$","R","M","R","BOSS"],"build_version":"2019-01-03v4","purchased_purges":1,"victory":false,"max_hp_per_floor":[77,77,77,77,77,77,77,77,77,77,77,77,77,77,77,77],"card_choices":[{"not_picked":["Quick Slash","Outmaneuver"],"picked":"Deflect","floor":1},{"not_picked":["Sucker Punch","Accuracy","Infinite Blades"],"picked":"SKIP","floor":3},{"not_picked":["Dodge and Roll","Die Die Die","Dagger Spray"],"picked":"SKIP","floor":4},{"not_picked":["Calculated Gamble","Slice"],"picked":"Prepared","floor":5},{"not_picked":["Prepared","Dodge and Roll","Setup"],"picked":"SKIP","floor":10},{"not_picked":["Outmaneuver","Distraction"],"picked":"Blur","floor":11},{"not_picked":["Deflect","Outmaneuver"],"picked":"Backflip","floor":14}],"player_experience":147166,"relics_obtained":[{"floor":9,"key":"Centennial Puzzle"}],"event_choices":[{"damage_healed":0,"gold_gain":0,"player_choice":"Entered Light","damage_taken":15,"max_hp_gain":0,"max_hp_loss":0,"event_name":"Shining Light","floor":2,"gold_loss":0,"cards_upgraded":["Neutralize","Deflect"]},{"cards_removed":["Strike_G"],"damage_healed":0,"gold_gain":0,"player_choice":"Forget","damage_taken":0,"max_hp_gain":0,"max_hp_loss":0,"event_name":"Living Wall","floor":7,"gold_loss":0}],"is_beta":false,"boss_relics":[],"items_purged_floors":[12],"is_endless":false,"potions_floor_spawned":[3,4,11],"killed_by":"Hexaghost","ascension_level":0}