{"gold_per_floor":[119,119,119,219,236,249,249,262,262,4,4,17,17,32,32,136,136,76,76,76,76,76,76,52,52,127,156,156,210,210,220,220,220],"floor_reached":33,"playtime":1345,"items_purged":[],"score":386,"play_id":"93506e3d-fd2e-40ad-aaee-0b9a02e66557","local_time":"20190104013953","is_ascension_mode":true,"campfire_choices":[{"data":"Genetic Algorithm","floor":7.0,"key":"SMITH"},{"floor":13.0,"key":"REST"},{"data":"Hologram","floor":15.0,"key":"SMITH"},{"floor":23.0,"key":"REST"},{"data":"Coolheaded","floor":25.0,"key":"SMITH"},{"floor":28.0,"key":"REST"},{"floor":30.0,"key":"REST"},{"data":"Redo","floor":32.0,"key":"SMITH"}],"neow_cost":"NONE","seed_source_timestamp":104739771252444,"circlet_count":0,"master_deck":["AscendersBane","Strike_B+1","Strike_B+1","Strike_B+1","Defend_B+1","Defend_B+1","Defend_B+1","Defend_B+1","Zap+1","Dualcast","Gash","Rebound","Loop","Genetic Algorithm+1","Reinforced Body","Leap","Redo+1","Hologram+1","Seek","Rebound","Gash","Coolheaded+1","Beam Cell","Rebound+1"],"special_seed":0,"relics":["Cracked Core","Frozen Egg 2","Chemical X","Nuclear Battery","Kunai","Ginger","Smiling Mask"],"potions_floor_usage":[],"damage_taken":[{"damage":8.0,"enemies":"Jaw Worm","floor":1.0,"turns":4.0},{"damage":0.0,"enemies":"2 Louse","floor":5.0,"turns":2.0},{"damage":0.0,"enemies":"Cultist","floor":6.0,"turns":4.0},{"damage":23.0,"enemies":"Lots of Slimes","floor":8.0,"turns":5.0},{"damage":1.0,"enemies":"Looter","floor":12.0,"turns":4.0},{"damage":4.0,"enemies":"3 Louse","floor":14.0,"turns":3.0},{"damage":34.0,"enemies":"The Guardian","floor":16.0,"turns":16.0},{"damage":5.0,"enemies":"2 Thieves","floor":18.0,"turns":4.0},{"damage":26.0,"enemies":"Colosseum Slavers","floor":21.0,"turns":5.0},{"damage":37.0,"enemies":"Book of Stabbing","floor":27.0,"turns":8.0},{"damage":0.0,"enemies":"Shell Parasite","floor":31.0,"turns":8.0},{"damage":72,"enemies":"Automaton","floor":33,"turns":8}],"seed_played":"5074276948421889531","potions_obtained":[{"floor":5.0,"key":"Weak Potion"},{"floor":6.0,"key":"GamblersBrew"},{"floor":16.0,"key":"Block Potion"}],"is_trial":false,"path_per_floor":["M","?","?","?","M","M","R","M","T","$","?","M","R","M","R","B",null,"M","?","?","?","?","R","$","R","T","E","R","T","R","M","R","B"],"character_chosen":"DEFECT","items_purchased":["Chemical X","Leap","Coolheaded"],"campfire_rested":4,"item_purchase_floors":[10,10,24],"current_hp_per_floor":[60,53,53,53,53,53,53,30,30,30,30,29,51,47,47,13,60,55,55,55,29,29,51,51,51,51,14,36,36,58,58,58,0],"gold":220,"neow_bonus":"THREE_CARDS","is_prod":false,"is_daily":false,"chose_seed":false,"campfire_upgraded":4,"win_rate":0,"timestamp":1546583993,"path_taken":["M","?","?","?","M","M","R","?","T","?","?","M","R","M","R","BOSS","M","?","?","?","?","R","?","R","T","E","R","?","R","M","R","BOSS"],"build_version":"2019-01-03v3","purchased_purges":0,"victory":false,"max_hp_per_floor":[75,75,75,75,75,75,75,75,75,75,75,75,75,75,75,75,75,75,75,75,75,75,75,75,75,75,75,75,75,75,75,75,75],"card_choices":[{"not_picked":["Turbo","Rebound"],"picked":"Gash","floor":0.0},{"not_picked":["Redo","Force Field"],"picked":"Rebound","floor":1.0},{"not_picked":["Aggregate","Tempest"],"picked":"Loop","floor":5.0},{"not_picked":["Rebound","Aggregate"],"picked":"Genetic Algorithm","floor":6.0},{"not_picked":["Rebound","Consume"],"picked":"Reinforced Body","floor":8.0},{"not_picked":["Lockon","Compile Driver"],"picked":"Redo","floor":12.0},{"not_picked":["Barrage","Chaos"],"picked":"Hologram","floor":14.0},{"not_picked":["Fission","Amplify"],"picked":"Seek","floor":16.0},{"not_picked":["Aggregate","Ball Lightning"],"picked":"Rebound","floor":18.0},{"not_picked":["Streamline","Steam"],"picked":"Beam Cell","floor":27.0},{"not_picked":["Coolheaded+1","Sweeping Beam"],"picked":"Rebound+1","floor":31.0}],"player_experience":506894,"relics_obtained":[{"floor":9.0,"key":"Frozen Egg 2"},{"floor":26.0,"key":"Kunai"},{"floor":27.0,"key":"Ginger"},{"floor":29.0,"key":"Smiling Mask"}],"event_choices":[{"cards_removed":["Strike_B"],"damage_healed":0.0,"max_hp_gain":0.0,"max_hp_loss":0.0,"gold_gain":0.0,"event_name":"Golden Wing","player_choice":"Card Removal","floor":2.0,"gold_loss":0.0,"damage_taken":7.0},{"damage_healed":0.0,"max_hp_gain":0.0,"max_hp_loss":0.0,"gold_gain":0.0,"event_name":"Living Wall","player_choice":"Grow","floor":3.0,"gold_loss":0.0,"damage_taken":0.0,"cards_upgraded":["Zap"]},{"damage_healed":0.0,"max_hp_gain":0.0,"max_hp_loss":0.0,"gold_gain":100.0,"event_name":"Golden Shrine","player_choice":"Pray","floor":4.0,"gold_loss":0.0,"damage_taken":0.0},{"damage_healed":0.0,"max_hp_gain":0.0,"max_hp_loss":0.0,"gold_gain":0.0,"event_name":"The Cleric","player_choice":"Leave","floor":11.0,"gold_loss":0.0,"damage_taken":0.0},{"damage_healed":0.0,"max_hp_gain":0.0,"max_hp_loss":0.0,"gold_gain":0.0,"event_name":"Vampires","player_choice":"Ignored","floor":19.0,"gold_loss":0.0,"damage_taken":0.0},{"damage_healed":0.0,"max_hp_gain":0.0,"max_hp_loss":0.0,"gold_gain":0.0,"event_name":"The Library","player_choice":"Read","floor":20.0,"gold_loss":0.0,"damage_taken":0.0,"cards_obtained":["Gash"]},{"damage_healed":0.0,"max_hp_gain":0.0,"max_hp_loss":0.0,"gold_gain":0.0,"event_name":"Colosseum","player_choice":"Fight","floor":21.0,"gold_loss":0.0,"damage_taken":0.0},{"damage_healed":0.0,"max_hp_gain":0.0,"max_hp_loss":0.0,"gold_gain":0.0,"event_name":"Colosseum","player_choice":"Fled From Nobs","floor":21.0,"gold_loss":0.0,"damage_taken":0.0},{"damage_healed":0.0,"max_hp_gain":0.0,"max_hp_loss":0.0,"gold_gain":0.0,"event_name":"Back to Basics","player_choice":"Simplicity","floor":22.0,"gold_loss":0.0,"damage_taken":0.0,"cards_upgraded":["Strike_B","Strike_B","Strike_B","Defend_B","Defend_B","Defend_B","Defend_B"]}],"is_beta":true,"boss_relics":[{"not_picked":["Runic Pyramid","Philosopher\u0027s Stone"],"picked":"Nuclear Battery"}],"items_purged_floors":[],"is_endless":false,"potions_floor_spawned":[5,6,16,21],"killed_by":"Automaton","ascension_level":11}