{"gold_per_floor":[114,130,140,21,21,21,50,50,74,121,133,177,189,214,226,338,350,372,384,416,33,48,75,75,108,108,125,125,156,156,175,175,273,273,292,292,4,4,24,24,50,50,73,83,116,134,146,159,159,159],"floor_reached":51,"playtime":2955,"items_purged":["Strike_B"],"score":986,"play_id":"70541a79-b85d-4b26-a940-ec1a30c12083","local_time":"20190125203233","is_ascension_mode":true,"campfire_choices":[{"data":"Sunder","floor":6,"key":"SMITH"},{"data":"Zap","floor":11,"key":"SMITH"},{"data":"Defragment","floor":13,"key":"SMITH"},{"floor":15,"key":"REST"},{"floor":24,"key":"DIG"},{"data":"Sweeping Beam","floor":28,"key":"SMITH"},{"data":"Defragment","floor":32,"key":"SMITH"},{"floor":40,"key":"DIG"},{"data":"Hologram","floor":42,"key":"SMITH"},{"data":"Seek","floor":49,"key":"SMITH"}],"neow_cost":"NONE","seed_source_timestamp":694184239627571,"circlet_count":0,"master_deck":["Defend_B+1","Defend_B","Defend_B","Defend_B+1","Zap+1","Dualcast","Conserve Battery","Defragment+1","Sunder+1","Go for the Eyes","Loop","Ball Lightning","Genetic Algorithm","Glacier","Self Repair+1","FTL+1","Rebound+1","Sweeping Beam+1","Defragment+1","Hologram+1","Necronomicurse","Cold Snap","Seek+1","Conserve Battery+1","Auto Shields+1"],"relics":["Cracked Core","Bag of Preparation","MawBank","Regal Pillow","Singing Bowl","Astrolabe","Oddly Smooth Stone","Gremlin Horn","DataDisk","Shovel","War Paint","Vajra","Mummified Hand","Pen Nib","Necronomicon","Velvet Choker","Spirit Poop","Bottled Lightning","Symbiotic Virus","Strawberry","Bottled Flame"],"potions_floor_usage":[7,12,20,23,31,37,50,50,50],"damage_taken":[{"damage":3,"enemies":"2 Louse","floor":1,"turns":2},{"damage":0,"enemies":"Jaw Worm","floor":2,"turns":3},{"damage":0,"enemies":"Cultist","floor":3,"turns":3},{"damage":28,"enemies":"3 Sentries","floor":7,"turns":8},{"damage":6,"enemies":"Gremlin Nob","floor":10,"turns":3},{"damage":19,"enemies":"3 Sentries","floor":12,"turns":4},{"damage":1,"enemies":"Exordium Wildlife","floor":14,"turns":2},{"damage":31,"enemies":"Slime Boss","floor":16,"turns":9},{"damage":12,"enemies":"Spheric Guardian","floor":18,"turns":5},{"damage":14,"enemies":"2 Thieves","floor":20,"turns":3},{"damage":1,"enemies":"3 Cultists","floor":22,"turns":5},{"damage":20,"enemies":"Slavers","floor":23,"turns":4},{"damage":15,"enemies":"Book of Stabbing","floor":25,"turns":7},{"damage":3,"enemies":"Sentry and Sphere","floor":27,"turns":4},{"damage":0,"enemies":"Gremlin Leader","floor":29,"turns":5},{"damage":0,"enemies":"Snake Plant","floor":31,"turns":1},{"damage":17,"enemies":"Collector","floor":33,"turns":8},{"damage":2,"enemies":"3 Shapes","floor":35,"turns":4},{"damage":0,"enemies":"Orb Walker","floor":39,"turns":3},{"damage":1,"enemies":"Reptomancer","floor":41,"turns":5},{"damage":0,"enemies":"Sphere and 2 Shapes","floor":44,"turns":4},{"damage":52,"enemies":"Giant Head","floor":45,"turns":8},{"damage":4,"enemies":"3 Darklings","floor":46,"turns":6},{"damage":3,"enemies":"Transient","floor":47,"turns":5},{"damage":0,"enemies":"Sphere and 2 Shapes","floor":48,"turns":3},{"damage":46,"enemies":"Awakened One","floor":50,"turns":15}],"seed_played":"-5570663752457923204","potions_obtained":[{"floor":0,"key":"SpeedPotion"},{"floor":0,"key":"FocusPotion"},{"floor":0,"key":"FearPotion"},{"floor":2,"key":"Fire Potion"},{"floor":12,"key":"Energy Potion"},{"floor":14,"key":"SneckoOil"},{"floor":16,"key":"Explosive Potion"},{"floor":22,"key":"Explosive Potion"},{"floor":23,"key":"Weak Potion"},{"floor":33,"key":"Fruit Juice"},{"floor":45,"key":"PowerPotion"}],"is_trial":false,"path_per_floor":["M","M","M","$","?","R","E","?","T","E","R","E","R","M","R","B",null,"M","?","M","$","M","E","R","E","T","M","R","E","?","M","R","B",null,"M","?","$","?","M","R","E","R","T","M","E","M","M","M","R","B",null],"character_chosen":"DEFECT","items_purchased":["Go for the Eyes","Loop","Gremlin Horn","DataDisk","Seek","FocusPotion"],"campfire_rested":1,"item_purchase_floors":[4,4,21,21,37,37],"current_hp_per_floor":[72,72,72,72,77,77,49,49,49,43,43,26,26,25,64,35,84,84,84,80,80,86,78,78,75,75,82,82,92,76,76,76,71,94,96,98,103,103,105,105,107,107,114,116,74,82,91,91,91,55],"gold":159,"neow_bonus":"THREE_SMALL_POTIONS","is_prod":false,"is_daily":false,"chose_seed":false,"campfire_upgraded":7,"win_rate":0,"timestamp":1548477153,"path_taken":["M","M","M","$","?","R","E","?","T","E","R","E","R","M","R","BOSS","M","?","M","$","M","E","R","E","T","M","R","E","?","?","R","BOSS","M","?","$","?","?","R","E","R","T","M","E","M","M","?","R","BOSS"],"build_version":"2019-01-23","purchased_purges":1,"victory":true,"max_hp_per_floor":[75,75,75,75,80,80,80,80,80,80,80,82,82,82,82,84,84,86,86,86,86,86,88,88,90,90,90,90,92,92,92,92,94,94,96,98,103,103,105,105,107,107,114,116,116,118,120,120,120,120],"card_choices":[{"not_picked":["Redo","Barrage"],"picked":"Conserve Battery","floor":1},{"not_picked":["Turbo","Redo"],"picked":"Defragment","floor":2},{"not_picked":["Skim","Compile Driver"],"picked":"Sunder","floor":3},{"not_picked":["Hologram","Barrage"],"picked":"Ball Lightning","floor":7},{"not_picked":["FTL","Hologram"],"picked":"Genetic Algorithm","floor":10},{"not_picked":["Gash","Auto Shields","Rip and Tear"],"picked":"Singing Bowl","floor":12},{"not_picked":["Cold Snap","Force Field"],"picked":"Glacier","floor":14},{"not_picked":["Rainbow","Amplify","Reboot"],"picked":"Singing Bowl","floor":16},{"not_picked":["Redo","Gash","Genetic Algorithm"],"picked":"Singing Bowl","floor":18},{"not_picked":["Gash","FTL"],"picked":"Sweeping Beam","floor":20},{"not_picked":["Rip and Tear+1","Compile Driver"],"picked":"Defragment","floor":22},{"not_picked":["Reboot","Sunder","Chaos+1"],"picked":"Singing Bowl","floor":23},{"not_picked":["Heatsinks+1","Conserve Battery","White Noise+1"],"picked":"Singing Bowl","floor":25},{"not_picked":["Chaos+1","Compile Driver"],"picked":"Hologram","floor":27},{"not_picked":["Gash","Streamline+1","Scrape"],"picked":"Singing Bowl","floor":29},{"not_picked":["BootSequence","Streamline"],"picked":"Cold Snap","floor":31},{"not_picked":["Reboot","Meteor Strike","Thunder Strike"],"picked":"Singing Bowl","floor":33},{"not_picked":["Turbo","Hologram+1","Rip and Tear"],"picked":"Singing Bowl","floor":35},{"not_picked":["Bandage Up","Swift Strike","Mind Blast"],"picked":"Singing Bowl","floor":36},{"not_picked":["Streamline+1","Storm","Conserve Battery"],"picked":"Singing Bowl","floor":39},{"not_picked":["Gash+1","Meteor Strike","Sweeping Beam+1"],"picked":"Singing Bowl","floor":41},{"not_picked":["Melter","Aggregate+1","Stack"],"picked":"Singing Bowl","floor":44},{"not_picked":["Gash","Seek"],"picked":"Conserve Battery+1","floor":45},{"not_picked":["Steam","Undo","Rip and Tear+1"],"picked":"Singing Bowl","floor":46},{"not_picked":["Redo+1","Leap+1","Rebound+1"],"picked":"Singing Bowl","floor":47},{"not_picked":["Coolheaded","Gash"],"picked":"Auto Shields+1","floor":48}],"player_experience":259894,"relics_obtained":[{"floor":7,"key":"Bag of Preparation"},{"floor":9,"key":"MawBank"},{"floor":10,"key":"Regal Pillow"},{"floor":12,"key":"Singing Bowl"},{"floor":23,"key":"Shovel"},{"floor":24,"key":"War Paint"},{"floor":25,"key":"Vajra"},{"floor":26,"key":"Mummified Hand"},{"floor":29,"key":"Pen Nib"},{"floor":30,"key":"Necronomicon"},{"floor":40,"key":"Bottled Lightning"},{"floor":41,"key":"Symbiotic Virus"},{"floor":43,"key":"Strawberry"},{"floor":45,"key":"Bottled Flame"}],"event_choices":[{"damage_healed":0,"gold_gain":0,"player_choice":"Donut","damage_taken":0,"max_hp_gain":5,"max_hp_loss":0,"event_name":"Big Fish","floor":5,"gold_loss":0},{"damage_healed":0,"gold_gain":0,"player_choice":"Ignored","damage_taken":0,"max_hp_gain":0,"max_hp_loss":0,"event_name":"Shining Light","floor":8,"gold_loss":0},{"damage_healed":0,"gold_gain":0,"player_choice":"Opened","damage_taken":0,"relics_obtained":["Oddly Smooth Stone"],"max_hp_gain":0,"max_hp_loss":0,"event_name":"The Mausoleum","floor":19,"gold_loss":0,"cards_obtained":["Writhe"]},{"damage_healed":0,"gold_gain":0,"player_choice":"Obtained Book","damage_taken":16,"max_hp_gain":0,"max_hp_loss":0,"event_name":"Cursed Tome","floor":30,"gold_loss":0},{"damage_healed":0,"gold_gain":0,"player_choice":"Memory 1","damage_taken":0,"max_hp_gain":0,"max_hp_loss":0,"event_name":"SensoryStone","floor":36,"gold_loss":0},{"cards_removed":["Writhe"],"damage_healed":0,"gold_gain":0,"player_choice":"Offered Curse","damage_taken":0,"relics_obtained":["Spirit Poop"],"max_hp_gain":0,"max_hp_loss":0,"event_name":"Bonfire Elementals","floor":38,"gold_loss":0}],"is_beta":false,"boss_relics":[{"not_picked":["Philosopher\u0027s Stone","Nuclear Battery"],"picked":"Astrolabe"},{"not_picked":["Calling Bell","Empty Cage"],"picked":"Velvet Choker"}],"items_purged_floors":[37],"is_endless":false,"potions_floor_spawned":[2,12,14,16,22,23,33,41,44,45,47],"ascension_level":4}