{"gold_per_floor":[115,40,40,54,54,54,54,54,78,88,88,88,102,2,2,99,99,118,136,136,136,11,11,11,36,59,70,85,85,99,99,99,99],"floor_reached":33,"playtime":1730,"items_purged":["Strike_R","Strike_R","Defend_R"],"score":235,"play_id":"53bcbe27-c4c0-4d31-9c71-c6c0d68761cd","local_time":"20190113192715","is_ascension_mode":false,"campfire_choices":[{"data":"Bash","floor":6,"key":"SMITH"},{"data":"Defend_R","floor":8,"key":"SMITH"},{"data":"Defend_R","floor":15,"key":"SMITH"},{"floor":23,"key":"REST"},{"floor":32,"key":"REST"}],"neow_cost":"NONE","seed_source_timestamp":326686602532530,"circlet_count":0,"master_deck":["Strike_R","Strike_R","Strike_R+1","Defend_R+1","Defend_R+1","Defend_R+1","Bash+1","Dropkick+1","Flex"],"relics":["Burning Blood"],"potions_floor_usage":[16,16,21,30,33],"damage_taken":[{"damage":1,"enemies":"Jaw Worm","floor":1,"turns":3},{"damage":14,"enemies":"2 Louse","floor":4,"turns":3},{"damage":0,"enemies":"Cultist","floor":10,"turns":2},{"damage":9,"enemies":"Exordium Thugs","floor":13,"turns":4},{"damage":21,"enemies":"Slime Boss","floor":16,"turns":10},{"damage":16,"enemies":"3 Byrds","floor":18,"turns":6},{"damage":48,"enemies":"Spheric Guardian","floor":19,"turns":8},{"damage":0,"enemies":"Snake Plant","floor":21,"turns":1},{"damage":23,"enemies":"Chosen and Byrds","floor":27,"turns":6},{"damage":0,"enemies":"Centurion and Healer","floor":28,"turns":6},{"damage":17,"enemies":"Shelled Parasite and Fungi","floor":30,"turns":7},{"damage":68,"enemies":"Champ","floor":33,"turns":10}],"seed_played":"1315021274123402116","potions_obtained":[{"floor":4,"key":"PowerPotion"},{"floor":10,"key":"Block Potion"},{"floor":19,"key":"Block Potion"},{"floor":20,"key":"Swift Potion"},{"floor":20,"key":"SmokeBomb"},{"floor":27,"key":"FearPotion"},{"floor":30,"key":"SteroidPotion"}],"is_trial":false,"path_per_floor":["M","$","?","M","?","R","?","R","T","M","$","?","M","$","R","B",null,"M","M","?","M","$","R","?","T","T","M","M","$","M","?","R","B"],"character_chosen":"IRONCLAD","items_purchased":[],"campfire_rested":2,"item_purchase_floors":[],"current_hp_per_floor":[80,80,80,72,56,56,56,56,56,62,62,67,64,64,64,49,85,75,33,33,39,39,64,64,64,64,47,53,53,42,42,67,0],"gold":99,"neow_bonus":"UPGRADE_CARD","is_prod":false,"is_daily":false,"chose_seed":false,"campfire_upgraded":3,"win_rate":0,"timestamp":1547425635,"path_taken":["M","$","?","M","?","R","?","R","T","?","?","?","M","?","R","BOSS","M","M","?","M","?","R","?","?","T","M","M","$","?","?","R","BOSS"],"build_version":"2019-01-10","purchased_purges":3,"victory":false,"max_hp_per_floor":[80,80,80,80,80,80,80,80,80,80,80,85,85,85,85,85,85,85,85,85,85,85,85,85,85,85,85,85,85,85,85,85,85],"card_choices":[{"not_picked":["Cleave","Clothesline"],"picked":"Dropkick","floor":1},{"not_picked":["Metallicize","Warcry","Shrug It Off"],"picked":"SKIP","floor":4},{"not_picked":["Clothesline","Cleave","Metallicize"],"picked":"SKIP","floor":10},{"not_picked":["True Grit","Cleave","Warcry"],"picked":"SKIP","floor":13},{"not_picked":["Wild Strike","Twin Strike","Armaments"],"picked":"SKIP","floor":18},{"not_picked":["Twin Strike","Perfected Strike","True Grit"],"picked":"SKIP","floor":19},{"not_picked":["Second Wind","Heavy Blade","Havoc"],"picked":"SKIP","floor":27},{"not_picked":["Shockwave","Sever Soul","Iron Wave"],"picked":"SKIP","floor":28},{"not_picked":["Flame Barrier","Shrug It Off","Clothesline"],"picked":"SKIP","floor":30}],"player_experience":538263,"relics_obtained":[],"event_choices":[{"damage_healed":0,"gold_gain":0,"player_choice":"Ignored","damage_taken":0,"max_hp_gain":0,"max_hp_loss":0,"event_name":"Liars Game","floor":3,"gold_loss":0},{"damage_healed":0,"gold_gain":0,"player_choice":"Entered Light","damage_taken":16,"max_hp_gain":0,"max_hp_loss":0,"event_name":"Shining Light","floor":5,"gold_loss":0,"cards_upgraded":["Defend_R","Dropkick"]},{"damage_healed":0,"gold_gain":0,"player_choice":"Ignored","damage_taken":0,"max_hp_gain":0,"max_hp_loss":0,"event_name":"WeMeetAgain","floor":7,"gold_loss":0},{"damage_healed":0,"gold_gain":0,"player_choice":"Donut","damage_taken":0,"max_hp_gain":5,"max_hp_loss":0,"event_name":"Big Fish","floor":12,"gold_loss":0},{"damage_healed":0,"gold_gain":0,"player_choice":"Got Potions","damage_taken":0,"max_hp_gain":0,"max_hp_loss":0,"event_name":"Lab","floor":20,"gold_loss":0},{"damage_healed":0,"gold_gain":0,"player_choice":"Read","damage_taken":0,"max_hp_gain":0,"max_hp_loss":0,"event_name":"The Library","floor":24,"gold_loss":0,"cards_obtained":["Flex"]},{"damage_healed":0,"gold_gain":0,"player_choice":"Ignored","damage_taken":0,"max_hp_gain":0,"max_hp_loss":0,"event_name":"Ghosts","floor":31,"gold_loss":0}],"is_beta":true,"boss_relics":[{"not_picked":["Runic Dome","White Beast Statue","Snecko Eye"]}],"items_purged_floors":[2,14,22],"is_endless":false,"potions_floor_spawned":[4,10,19,27,30],"killed_by":"Champ","ascension_level":0}