{"gold_per_floor":[110,110,35,47,47,47,80,80,80,106,55,55,65,83,83,155,155,172,172,188,40,40,65,65,65,89,89,135,35,52,84,84,160,210,220,237,89,106,156,181,181,181,206,218,280,307,345,357,369,381],"floor_reached":50,"playtime":1530,"items_purged":["Armaments","Hemokinesis","Dark Embrace"],"score":1036,"play_id":"eeec0537-a300-4182-8ae5-d85762f3a44d","local_time":"20190212223155","is_ascension_mode":true,"campfire_choices":[{"data":"Armaments","floor":6.0,"key":"SMITH"},{"data":"Infernal Blade","floor":8.0,"key":"SMITH"},{"data":"Infernal Blade","floor":12.0,"key":"SMITH"},{"data":"True Grit","floor":15.0,"key":"SMITH"},{"data":"Immolate","floor":24.0,"key":"SMITH"},{"floor":27.0,"key":"REST"},{"floor":32.0,"key":"REST"},{"data":"Demon Form","floor":41,"key":"SMITH"},{"data":"Heavy Blade","floor":42,"key":"SMITH"},{"floor":44,"key":"REST"},{"data":"Seeing Red","floor":49,"key":"SMITH"}],"neow_cost":"NONE","seed_source_timestamp":18828295556900,"circlet_count":0,"master_deck":["AscendersBane","Bash+1","Armaments+1","Infernal Blade+1","Infernal Blade+1","Shrug It Off","True Grit+1","Seeing Red","Immolate+1","Twin Strike","Blood for Blood","Iron Wave","Clothesline","Headbutt","Shrug It Off","Battle Trance+1","Shrug It Off","Immolate","Battle Trance","Demon Form+1","Heavy Blade+1","Seeing Red+1","Flame Barrier","Disarm+1"],"special_seed":0,"relics":["Burning Blood","NeowsBlessing","Pear","Mercury Hourglass","Calipers","Pandora\u0027s Box","Ginger","Nunchaku","Bag of Marbles","Pen Nib","Thread and Needle","Tiny House","WingedGreaves","Blue Candle","MawBank","Charon\u0027s Ashes"],"potions_floor_usage":[40,40,50],"damage_taken":[{"damage":0.0,"enemies":"2 Louse","floor":1.0,"turns":1.0},{"damage":0.0,"enemies":"Small Slimes","floor":4.0,"turns":1.0},{"damage":0.0,"enemies":"Lagavulin","floor":7.0,"turns":1.0},{"damage":7.0,"enemies":"Gremlin Nob","floor":10.0,"turns":3.0},{"damage":0.0,"enemies":"Cultist","floor":13.0,"turns":2.0},{"damage":0.0,"enemies":"2 Fungi Beasts","floor":14.0,"turns":3.0},{"damage":50.0,"enemies":"Slime Boss","floor":16.0,"turns":7.0},{"damage":13.0,"enemies":"Chosen","floor":18.0,"turns":3.0},{"damage":22.0,"enemies":"2 Thieves","floor":20.0,"turns":2.0},{"damage":33.0,"enemies":"Gremlin Leader","floor":23.0,"turns":4.0},{"damage":0.0,"enemies":"3 Cultists","floor":30.0,"turns":2.0},{"damage":20.0,"enemies":"Slavers","floor":31.0,"turns":3.0},{"damage":31.0,"enemies":"Collector","floor":33.0,"turns":6.0},{"damage":6.0,"enemies":"Orb Walker","floor":35.0,"turns":3.0},{"damage":0.0,"enemies":"3 Shapes","floor":36.0,"turns":1.0},{"damage":23.0,"enemies":"Writhing Mass","floor":38.0,"turns":3.0},{"damage":17,"enemies":"2 Orb Walkers","floor":39,"turns":4},{"damage":36,"enemies":"Reptomancer","floor":40,"turns":8},{"damage":4,"enemies":"Jaw Worm Horde","floor":46,"turns":2},{"damage":45,"enemies":"Nemesis","floor":47,"turns":5},{"damage":74,"enemies":"Donu and Deca","floor":50,"turns":4}],"seed_played":"8437151437741637126","potions_obtained":[{"floor":1.0,"key":"Swift Potion"},{"floor":13.0,"key":"LiquidBronze"},{"floor":23.0,"key":"SteroidPotion"},{"floor":46,"key":"Ancient Potion"}],"is_trial":false,"path_per_floor":["M","?","?","M","?","R","E","R","T","E","$","R","M","M","R","B",null,"M","T","M","$","?","E","R","?","T","R","T","$","M","E","R","B",null,"M","M","$","M","?","E","R","R","T","R","?","M","E","?","R","B"],"character_chosen":"IRONCLAD","items_purchased":["Shrug It Off","Shrug It Off","Fire Potion","Heavy Blade"],"campfire_rested":3,"item_purchase_floors":[11,21,21,37],"current_hp_per_floor":[74,51,51,57,57,57,73,73,73,72,72,72,78,84,84,40,74,67,67,51,51,51,24,24,24,24,49,49,49,55,41,66,41,79,79,85,85,68,57,27,27,27,27,54,54,56,17,74,74,0],"gold":381,"neow_bonus":"THREE_ENEMY_KILL","is_prod":false,"is_daily":false,"chose_seed":false,"campfire_upgraded":8,"win_rate":0,"timestamp":1550003515,"path_taken":["M","?","?","M","?","R","E","R","T","E","$","R","M","M","R","BOSS","M","?","M","$","?","E","R","?","T","R","?","$","M","E","R","BOSS","M","M","$","?","?","E","R","R","T","R","?","?","E","?","R","BOSS"],"build_version":"2019-01-23","purchased_purges":3,"victory":false,"max_hp_per_floor":[75,75,75,75,75,75,85,85,85,85,85,85,85,85,85,85,85,85,85,85,85,85,85,85,85,85,85,85,85,85,85,85,85,90,90,90,90,90,90,90,90,90,90,90,90,90,90,74,74,74],"card_choices":[{"not_picked":["Intimidate","Body Slam"],"picked":"Armaments","floor":1.0},{"not_picked":["Perfected Strike","Body Slam"],"picked":"Infernal Blade","floor":4.0},{"not_picked":["Feel No Pain","Juggernaut"],"picked":"Infernal Blade","floor":7.0},{"not_picked":["Reckless Charge","Wild Strike","Armaments"],"picked":"SKIP","floor":10.0},{"not_picked":["Fire Breathing","Shrug It Off"],"picked":"True Grit","floor":13.0},{"not_picked":["Carnage","Pommel Strike"],"picked":"Seeing Red","floor":14.0},{"not_picked":["Impervious","Barricade"],"picked":"Immolate","floor":16.0},{"not_picked":["Pommel Strike","Clash"],"picked":"Headbutt","floor":18.0},{"not_picked":["Perfected Strike","Pommel Strike","Body Slam"],"picked":"SKIP","floor":20.0},{"not_picked":["Rage","Second Wind"],"picked":"Shrug It Off","floor":23.0},{"not_picked":["Burning Pact","Rage"],"picked":"Immolate","floor":30.0},{"not_picked":["Sword Boomerang+1","Disarm"],"picked":"Battle Trance","floor":31.0},{"not_picked":["Wild Strike","Armaments","Warcry"],"picked":"SKIP","floor":35.0},{"not_picked":["Shrug It Off+1","Rage"],"picked":"Demon Form","floor":36.0},{"not_picked":["Headbutt","Wild Strike"],"picked":"Seeing Red","floor":38.0},{"not_picked":["Heavy Blade","Cleave"],"picked":"Flame Barrier","floor":39},{"not_picked":["Second Wind","True Grit"],"picked":"Disarm+1","floor":40},{"not_picked":["Clothesline","Corruption","Intimidate"],"picked":"SKIP","floor":46},{"not_picked":["Clothesline","Rampage","Corruption"],"picked":"SKIP","floor":47}],"player_experience":717470,"relics_obtained":[{"floor":7.0,"key":"Pear"},{"floor":9.0,"key":"Mercury Hourglass"},{"floor":10.0,"key":"Calipers"},{"floor":19.0,"key":"Ginger"},{"floor":23.0,"key":"Nunchaku"},{"floor":26.0,"key":"Bag of Marbles"},{"floor":28.0,"key":"Pen Nib"},{"floor":31.0,"key":"Thread and Needle"},{"floor":39,"key":"WingedGreaves"},{"floor":40,"key":"Blue Candle"},{"floor":43,"key":"MawBank"},{"floor":47,"key":"Charon\u0027s Ashes"}],"event_choices":[{"damage_healed":0.0,"max_hp_gain":0.0,"max_hp_loss":0.0,"gold_gain":0.0,"event_name":"Shining Light","player_choice":"Entered Light","floor":2.0,"gold_loss":0.0,"damage_taken":23.0,"cards_upgraded":["Defend_R","Bash"]},{"cards_removed":["Defend_R"],"damage_healed":0.0,"max_hp_gain":0.0,"max_hp_loss":0.0,"gold_gain":0.0,"event_name":"The Cleric","player_choice":"Card Removal","floor":3.0,"gold_loss":75.0,"damage_taken":0.0},{"cards_removed":["Strike_R"],"damage_healed":0.0,"max_hp_gain":0.0,"max_hp_loss":0.0,"gold_gain":0.0,"event_name":"Bonfire Elementals","player_choice":"Offered Basic","floor":5.0,"gold_loss":0.0,"damage_taken":0.0},{"damage_healed":0.0,"max_hp_gain":0.0,"max_hp_loss":0.0,"gold_gain":0.0,"event_name":"The Library","player_choice":"Read","floor":22.0,"gold_loss":0.0,"damage_taken":0.0,"cards_obtained":["Battle Trance"]},{"damage_healed":0.0,"max_hp_gain":0.0,"max_hp_loss":0.0,"gold_gain":0.0,"event_name":"Back to Basics","player_choice":"Simplicity","floor":25.0,"gold_loss":0.0,"damage_taken":0.0,"cards_upgraded":[]},{"damage_healed":0,"gold_gain":0,"player_choice":"Fight","damage_taken":0,"max_hp_gain":0,"max_hp_loss":0,"event_name":"Mysterious Sphere","floor":39,"gold_loss":0},{"damage_healed":0,"gold_gain":50,"player_choice":"Pray","damage_taken":0,"max_hp_gain":0,"max_hp_loss":0,"event_name":"Golden Shrine","floor":45,"gold_loss":0},{"damage_healed":74,"gold_gain":0,"player_choice":"Heal","damage_taken":0,"max_hp_gain":0,"max_hp_loss":16,"event_name":"The Moai Head","floor":48,"gold_loss":0}],"is_beta":false,"boss_relics":[{"not_picked":["Snecko Eye","Runic Cube"],"picked":"Pandora\u0027s Box"},{"not_picked":["Runic Pyramid","Coffee Dripper"],"picked":"Tiny House"}],"items_purged_floors":[21,29,37],"is_endless":false,"potions_floor_spawned":[1,13,23,38,46],"killed_by":"Donu and Deca","ascension_level":15}