{"gold_per_floor":[367,383,34,51,69,97,97,107,130,153,153,185,196,227,227,329,329,309,234,86,106,126,126,182,182],"floor_reached":25,"playtime":4594,"items_purged":["Doubt","Strike_R"],"score":255,"play_id":"f44ffc2b-216e-4b30-aff1-414401e68fcd","local_time":"20180727004206","is_ascension_mode":true,"campfire_choices":[{"data":"Infernal Blade","floor":7.0,"key":"SMITH"},{"data":"Rage","floor":11.0,"key":"SMITH"},{"floor":15.0,"key":"REST"},{"floor":23,"key":"REST"}],"neow_cost":"CURSE","seed_source_timestamp":0,"circlet_count":0,"master_deck":["Strike_R","Strike_R","Strike_R","Defend_R","Defend_R","Defend_R","Defend_R","Bash","Infernal Blade+1","Rage+1","Twin Strike","Flex","Dual Wield","Blood for Blood","Flex","Heavy Blade","Dual Wield","Demon Form","Pummel","Warcry","Feed","Ghostly Armor","Heavy Blade","Spot Weakness","Shrug It Off","Entrench+1","Demon Form"],"special_seed":0,"relics":["Burning Blood","Strawberry","Peace Pipe","Potion Belt","Odd Mushroom","Boot","Dream Catcher","Black Star","Regal Pillow","Tiny Chest"],"potions_floor_usage":[24],"damage_taken":[{"damage":8.0,"enemies":"Cultist","floor":1.0,"turns":6.0},{"damage":0.0,"enemies":"2 Louse","floor":2.0,"turns":3.0},{"damage":1.0,"enemies":"Jaw Worm","floor":4.0,"turns":3.0},{"damage":7.0,"enemies":"Blue Slaver","floor":5.0,"turns":4.0},{"damage":33.0,"enemies":"3 Sentries","floor":6.0,"turns":9.0},{"damage":9.0,"enemies":"2 Fungi Beasts","floor":8.0,"turns":3.0},{"damage":3.0,"floor":10.0,"turns":5.0},{"damage":6.0,"enemies":"Lagavulin","floor":12.0,"turns":5.0},{"damage":5.0,"enemies":"Large Slime","floor":13.0,"turns":5.0},{"damage":21.0,"enemies":"Gremlin Nob","floor":14.0,"turns":4.0},{"damage":65.0,"enemies":"The Guardian","floor":16.0,"turns":9.0},{"damage":25.0,"enemies":"2 Thieves","floor":18.0,"turns":4.0},{"damage":34.0,"enemies":"Shell Parasite","floor":21.0,"turns":6.0},{"damage":21.0,"enemies":"3 Cultists","floor":22.0,"turns":4.0},{"damage":60,"enemies":"Slavers","floor":24,"turns":6},{"damage":18,"enemies":"Snake Plant","floor":25,"turns":4}],"seed_played":"245641039924137488","potions_obtained":[{"floor":4.0,"key":"Poison Potion"},{"floor":5.0,"key":"Strength Potion"},{"floor":8.0,"key":"Fire Potion"},{"floor":10.0,"key":"SteroidPotion"},{"floor":14.0,"key":"Strength Potion"},{"floor":18.0,"key":"Energy Potion"},{"floor":21.0,"key":"Explosive Potion"}],"is_trial":false,"path_per_floor":["M","M","$","M","M","E","R","M","T","?","R","E","M","E","R","B",null,"M","?","$","M","M","R","E"],"character_chosen":"IRONCLAD","items_purchased":["Twin Strike","Strawberry","FairyPotion","Heavy Blade"],"campfire_rested":2,"item_purchase_floors":[3,3,3,20],"current_hp_per_floor":[78,80,87,87,86,59,59,56,56,59,59,59,60,45,71,12,87,68,68,68,43,28,55,15,0],"gold":182,"neow_bonus":"TWO_FIFTY_GOLD","is_prod":false,"is_daily":false,"chose_seed":false,"campfire_upgraded":2,"win_rate":0.0,"timestamp":1532666526,"path_taken":["M","M","$","?","M","E","R","M","T","?","R","E","M","E","R","BOSS","M","?","$","M","M","R","E","?"],"build_version":"2018-07-26","purchased_purges":2,"victory":false,"max_hp_per_floor":[80,80,87,87,87,87,87,87,87,87,87,87,87,87,87,87,87,87,87,87,90,90,90,93,93],"card_choices":[{"not_picked":["True Grit","Pummel"],"picked":"Infernal Blade","floor":1.0},{"not_picked":["Cleave","Sever Soul"],"picked":"Rage","floor":2.0},{"not_picked":["Anger","Feel No Pain"],"picked":"Flex","floor":4.0},{"not_picked":["Metallicize","Clothesline"],"picked":"Dual Wield","floor":5.0},{"not_picked":["Body Slam","Hemokinesis"],"picked":"Blood for Blood","floor":6.0},{"not_picked":["Whirlwind","Blood for Blood"],"picked":"Flex","floor":8.0},{"not_picked":["Twin Strike","True Grit"],"picked":"Heavy Blade","floor":10.0},{"not_picked":["Sword Boomerang","Armaments"],"picked":"Dual Wield","floor":12.0},{"not_picked":["True Grit","Corruption"],"picked":"Demon Form","floor":13.0},{"not_picked":["Twin Strike","Shrug It Off"],"picked":"Pummel","floor":14.0},{"not_picked":["Flex","True Grit"],"picked":"Warcry","floor":15.0},{"not_picked":["Reaper","Fiend Fire"],"picked":"Feed","floor":16.0},{"not_picked":["True Grit","Armaments"],"picked":"Ghostly Armor","floor":18.0},{"not_picked":["Cleave","Bloodletting"],"picked":"Spot Weakness","floor":21.0},{"not_picked":["Shockwave","Anger"],"picked":"Shrug It Off","floor":22},{"not_picked":["Ghostly Armor+1","Clash"],"picked":"Entrench+1","floor":23},{"not_picked":["Thunderclap","True Grit"],"picked":"Demon Form","floor":24}],"player_experience":170661,"relics_obtained":[{"floor":6.0,"key":"Peace Pipe"},{"floor":9.0,"key":"Potion Belt"},{"floor":10.0,"key":"Odd Mushroom"},{"floor":12.0,"key":"Boot"},{"floor":14.0,"key":"Dream Catcher"},{"floor":24,"key":"Regal Pillow"},{"floor":24,"key":"Tiny Chest"}],"event_choices":[{"event_name":"Mushrooms","player_choice":"Fought Mushrooms","floor":10.0,"damage_taken":0.0},{"event_name":"Beggar","player_choice":"Gave Gold","floor":19.0,"damage_taken":0.0}],"is_beta":false,"boss_relics":[{"not_picked":["Runic Cube","White Beast Statue"],"picked":"Black Star"}],"items_purged_floors":[3,20],"is_endless":false,"potions_floor_spawned":[4,5,8,10,14,18,21],"killed_by":"Snake Plant","ascension_level":1}