{"gold_per_floor":[119,130,145,160,170,199,150,150,230,260,260,260,290,42,42,119,119,119,119,119,119],"floor_reached":21,"playtime":1362,"items_purged":["Parasite"],"score":388,"play_id":"61f5da43-7741-4b9c-83a5-db2c22a58fdd","local_time":"20190210162259","is_ascension_mode":true,"campfire_choices":[{"data":"Go for the Eyes","floor":8.0,"key":"SMITH"},{"floor":12.0,"key":"REST"},{"floor":15.0,"key":"REST"}],"neow_cost":"NONE","seed_source_timestamp":0,"circlet_count":0,"master_deck":["AscendersBane","Strike_B","Strike_B","Strike_B","Strike_B","Defend_B","Defend_B","Defend_B","Defend_B","Zap","Dualcast","Conserve Battery","Cold Snap","Go for the Eyes+1","Ball Lightning","Core Surge","Capacitor","Defragment","Echo Form","Cold Snap","FTL+1"],"special_seed":0,"relics":["Cracked Core","Blood Vial","Prayer Wheel","Letter Opener","Girya","Regal Pillow","Oddly Smooth Stone","Ectoplasm"],"potions_floor_usage":[16],"damage_taken":[{"damage":1.0,"enemies":"Cultist","floor":1.0,"turns":4.0},{"damage":2.0,"enemies":"2 Louse","floor":2.0,"turns":3.0},{"damage":0.0,"enemies":"Small Slimes","floor":3.0,"turns":4.0},{"damage":1.0,"enemies":"Blue Slaver","floor":4.0,"turns":4.0},{"damage":7.0,"enemies":"3 Louse","floor":5.0,"turns":4.0},{"damage":22.0,"enemies":"Lagavulin","floor":6.0,"turns":7.0},{"damage":40.0,"enemies":"3 Sentries","floor":10.0,"turns":9.0},{"damage":8.0,"enemies":"Lagavulin","floor":13.0,"turns":5.0},{"damage":24,"enemies":"Hexaghost","floor":16,"turns":8},{"damage":21,"enemies":"Spheric Guardian","floor":18,"turns":4},{"damage":28,"enemies":"Shell Parasite","floor":19,"turns":6},{"damage":21,"enemies":"Chosen and Byrds","floor":21,"turns":5}],"seed_played":"6472268705561401109","potions_obtained":[{"floor":1.0,"key":"EssenceOfSteel"},{"floor":6.0,"key":"FearPotion"},{"floor":10.0,"key":"SkillPotion"},{"floor":13.0,"key":"PowerPotion"},{"floor":18,"key":"Poison Potion"},{"floor":19,"key":"Energy Potion"}],"is_trial":false,"path_per_floor":["M","M","M","M","M","E","?","R","T","E","?","R","E","$","R","B",null,"M","M","?","M"],"character_chosen":"DEFECT","items_purchased":["Oddly Smooth Stone"],"campfire_rested":2,"item_purchase_floors":[14],"current_hp_per_floor":[65,65,67,68,63,43,43,43,43,5,22,43,37,37,68,44,62,43,17,17,0],"gold":119,"neow_bonus":"RANDOM_COMMON_RELIC","is_prod":false,"is_daily":false,"chose_seed":false,"campfire_upgraded":1,"win_rate":0,"timestamp":1549833779,"path_taken":["M","?","M","M","M","E","?","R","T","E","?","R","E","?","R","BOSS","M","M","?","?"],"build_version":"2019-01-23","purchased_purges":1,"victory":false,"max_hp_per_floor":[71,71,71,71,71,71,71,71,71,71,71,71,71,68,68,68,68,68,68,68,68],"card_choices":[{"not_picked":["Reprogram","Barrage"],"picked":"Conserve Battery","floor":1.0},{"not_picked":["Redo","Aggregate","Skim"],"picked":"SKIP","floor":2.0},{"not_picked":["Steam Power","Gash"],"picked":"Cold Snap","floor":3.0},{"not_picked":["Self Repair","Coolheaded"],"picked":"Go for the Eyes","floor":4.0},{"not_picked":["Steam","Leap"],"picked":"Ball Lightning","floor":5.0},{"not_picked":["Recycle","Blizzard"],"picked":"Core Surge","floor":6.0},{"not_picked":["Streamline","Go for the Eyes"],"picked":"Capacitor","floor":10.0},{"not_picked":["Turbo","Reboot"],"picked":"Defragment","floor":13.0},{"not_picked":["Core Surge","Fission"],"picked":"Echo Form","floor":16},{"not_picked":["Ball Lightning","Steam"],"picked":"Cold Snap","floor":18},{"not_picked":["Double Energy","Stack","Rebound+1"],"picked":"SKIP","floor":18},{"not_picked":["Leap","Chaos"],"picked":"FTL+1","floor":19},{"not_picked":["Storm","Beam Cell","Melter"],"picked":"SKIP","floor":19}],"player_experience":1196958,"relics_obtained":[{"floor":6.0,"key":"Prayer Wheel"},{"floor":9.0,"key":"Letter Opener"},{"floor":10.0,"key":"Girya"},{"floor":13.0,"key":"Regal Pillow"}],"event_choices":[{"damage_healed":0.0,"max_hp_gain":0.0,"max_hp_loss":0.0,"gold_gain":0.0,"event_name":"World of Goop","player_choice":"Left Gold","floor":7.0,"gold_loss":49.0,"damage_taken":0.0},{"damage_healed":17.0,"max_hp_gain":0.0,"max_hp_loss":0.0,"gold_gain":0.0,"event_name":"Mushrooms","player_choice":"Healed and dodged fight","floor":11.0,"gold_loss":0.0,"damage_taken":0.0,"cards_obtained":["Parasite"]},{"damage_healed":0,"gold_gain":0,"player_choice":"Ignored","damage_taken":0,"max_hp_gain":0,"max_hp_loss":0,"event_name":"N\u0027loth","floor":20,"gold_loss":0}],"is_beta":false,"boss_relics":[{"not_picked":["White Beast Statue","Black Star"],"picked":"Ectoplasm"}],"items_purged_floors":[14],"is_endless":false,"potions_floor_spawned":[1,6,10,13,18,19],"killed_by":"Chosen and Byrds","ascension_level":19}