{"gold_per_floor":[112,122,136,286,30,63,63,81,130,161,173,185,210,247,259,349,361,361,261,261,261,261],"floor_reached":22,"playtime":1883,"items_purged":["Doubt","Strike_G"],"score":361,"play_id":"3af960a8-cf60-4d7b-9f0e-1017e9cc698e","local_time":"20190109223439","is_ascension_mode":true,"campfire_choices":[{"floor":7,"key":"REST"},{"floor":11,"key":"REST"},{"floor":15,"key":"REST"}],"neow_cost":"NONE","seed_source_timestamp":18273136543059,"circlet_count":0,"master_deck":["AscendersBane","Defend_G","Defend_G","Defend_G","Defend_G","Defend_G","Strike_G","Strike_G","Strike_G","Strike_G","Survivor","Neutralize","Backflip","Deadly Poison","Skewer","Noxious Fumes","Catalyst","Well Laid Plans","Backflip","Blur","Blur","Corpse Explosion","Predator+1","Catalyst","Backflip"],"relics":["Ring of the Snake","Happy Flower","Bottled Flame","Bag of Marbles","MawBank","Unceasing Top","Oddly Smooth Stone","Ectoplasm"],"potions_floor_usage":[21],"damage_taken":[{"damage":0,"enemies":"Small Slimes","floor":1,"turns":3},{"damage":0,"enemies":"Jaw Worm","floor":2,"turns":5},{"damage":0,"enemies":"2 Louse","floor":3,"turns":2},{"damage":21,"enemies":"3 Sentries","floor":6,"turns":7},{"damage":15,"enemies":"Blue Slaver","floor":8,"turns":4},{"damage":18,"enemies":"Gremlin Nob","floor":10,"turns":4},{"damage":10,"enemies":"Red Slaver","floor":13,"turns":5},{"damage":14,"enemies":"3 Sentries","floor":14,"turns":7},{"damage":19,"enemies":"Hexaghost","floor":16,"turns":9},{"damage":24,"enemies":"Shell Parasite","floor":18,"turns":5},{"damage":3,"enemies":"3 Byrds","floor":20,"turns":3},{"damage":31,"enemies":"Snecko","floor":21,"turns":6},{"damage":3,"enemies":"Centurion and Healer","floor":22,"turns":2}],"seed_played":"8113684737267822001","potions_obtained":[{"floor":1,"key":"LiquidBronze"},{"floor":3,"key":"Swift Potion"},{"floor":21,"key":"LiquidBronze"}],"is_trial":false,"path_per_floor":["M","M","M","?","$","E","R","M","T","E","R","?","M","E","R","B",null,"M","$","M","M","M"],"character_chosen":"THE_SILENT","items_purchased":["Noxious Fumes","Happy Flower"],"campfire_rested":3,"item_purchase_floors":[5,5],"current_hp_per_floor":[65,65,65,65,65,44,65,50,50,32,53,48,38,24,45,26,61,37,37,34,3,0],"gold":261,"neow_bonus":"TEN_PERCENT_HP_BONUS","is_prod":false,"is_daily":false,"chose_seed":false,"campfire_upgraded":0,"win_rate":0,"timestamp":1547091279,"path_taken":["M","M","M","?","$","E","R","M","T","E","R","?","M","E","R","BOSS","M","$","M","M","M"],"build_version":"2019-01-03v4","purchased_purges":2,"victory":false,"max_hp_per_floor":[72,72,72,72,72,72,72,72,72,72,72,72,72,72,72,72,72,72,72,72,72,72],"card_choices":[{"not_picked":["Crippling Poison","Outmaneuver"],"picked":"Backflip","floor":1},{"not_picked":["Crippling Poison","Poisoned Stab"],"picked":"Deadly Poison","floor":2},{"not_picked":["PiercingWail","Eviscerate"],"picked":"Skewer","floor":3},{"not_picked":["Reflex","Flying Knee"],"picked":"Catalyst","floor":6},{"not_picked":["Doppelganger","Dagger Spray"],"picked":"Well Laid Plans","floor":8},{"not_picked":["Expertise","Well Laid Plans"],"picked":"Backflip","floor":10},{"not_picked":["Backflip","Flying Knee"],"picked":"Blur","floor":13},{"not_picked":["Blade Dance","Crippling Poison"],"picked":"Blur","floor":14},{"not_picked":["Envenom","Adrenaline"],"picked":"Corpse Explosion","floor":16},{"not_picked":["Quick Slash","Deadly Poison"],"picked":"Predator+1","floor":18},{"not_picked":["Tactician","Skewer"],"picked":"Catalyst","floor":20},{"not_picked":["Tactician","Setup"],"picked":"Backflip","floor":21}],"player_experience":839968,"relics_obtained":[{"floor":6,"key":"Bottled Flame"},{"floor":9,"key":"Bag of Marbles"},{"floor":10,"key":"MawBank"},{"floor":14,"key":"Oddly Smooth Stone"}],"event_choices":[{"damage_healed":0,"gold_gain":150,"player_choice":"AGREE","damage_taken":0,"max_hp_gain":0,"max_hp_loss":0,"event_name":"Liars Game","floor":4,"gold_loss":0,"cards_obtained":["Doubt"]},{"damage_healed":0,"gold_gain":0,"player_choice":"Success","damage_taken":5,"relics_obtained":["Unceasing Top"],"max_hp_gain":0,"max_hp_loss":0,"event_name":"Scrap Ooze","floor":12,"gold_loss":0}],"is_beta":false,"boss_relics":[{"not_picked":["Orrery","Runic Dome"],"picked":"Ectoplasm"}],"items_purged_floors":[5,19],"is_endless":false,"potions_floor_spawned":[1,3,6,8,16,21],"killed_by":"Centurion and Healer","ascension_level":15}