{"gold_per_floor":[112,112,128,128,53,53,8,35,35,35,51,51,81,91,91,162,162,180,180,180,194,119,152,152,182,182,196,196,212,212,539,539,616,616,634,148,1147,116,116,116,145,159,159,9,19,19,19,19,19,19],"floor_reached":51,"playtime":1457,"items_purged":["Strike_R","Defend_R","Normality","Normality"],"score":1392,"play_id":"15f5936f-876c-434c-b6a1-680acd4236e6","local_time":"20190213005220","is_ascension_mode":true,"campfire_choices":[{"data":"Bash","floor":6.0,"key":"SMITH"},{"data":"Demon Form","floor":10.0,"key":"SMITH"},{"floor":15.0,"key":"REST"},{"floor":24.0,"key":"REST"},{"floor":30.0,"key":"REST"},{"floor":32.0,"key":"REST"},{"floor":40.0,"key":"DIG"},{"floor":47,"key":"DIG"},{"floor":49,"key":"DIG"}],"neow_cost":"NONE","seed_source_timestamp":27296949927400,"circlet_count":0,"master_deck":["AscendersBane","Strike_R","Strike_R","Strike_R","Defend_R","Defend_R","Bash+1","Armaments+1","Disarm","Infernal Blade","Demon Form+1","Twin Strike","Disarm","Pummel","Disarm","Twin Strike+1","Heavy Blade+1","Pummel","Exhume","Reaper","Reaper","Sword Boomerang","True Grit+1"],"special_seed":0,"relics":["Burning Blood","WingedGreaves","Self Forming Clay","Fusion Hammer","Nloth\u0027s Gift","Bronze Scales","Shovel","Oddly Smooth Stone","Old Coin","Cursed Key","Brimstone","Vajra","Mercury Hourglass","Sling","Letter Opener","Red Skull","Bag of Marbles","Dream Catcher","Bottled Tornado"],"potions_floor_usage":[50,50],"damage_taken":[{"damage":9.0,"enemies":"2 Louse","floor":1.0,"turns":4.0},{"damage":7.0,"enemies":"Cultist","floor":3.0,"turns":4.0},{"damage":22.0,"enemies":"Gremlin Nob","floor":8.0,"turns":4.0},{"damage":4.0,"enemies":"Jaw Worm","floor":11.0,"turns":4.0},{"damage":33.0,"enemies":"Lagavulin","floor":13.0,"turns":5.0},{"damage":8.0,"enemies":"Exordium Wildlife","floor":14.0,"turns":4.0},{"damage":6.0,"enemies":"Hexaghost","floor":16.0,"turns":7.0},{"damage":22.0,"enemies":"Spheric Guardian","floor":18.0,"turns":4.0},{"damage":24.0,"enemies":"Shell Parasite","floor":21.0,"turns":7.0},{"damage":7.0,"enemies":"Gremlin Leader","floor":23.0,"turns":7.0},{"damage":35.0,"enemies":"Slavers","floor":25.0,"turns":4.0},{"damage":22.0,"enemies":"3 Cultists","floor":27.0,"turns":4.0},{"damage":16.0,"enemies":"Centurion and Healer","floor":29.0,"turns":4.0},{"damage":27.0,"enemies":"Gremlin Leader","floor":31.0,"turns":5.0},{"damage":14.0,"enemies":"Champ","floor":33.0,"turns":8.0},{"damage":62.0,"enemies":"3 Shapes","floor":35.0,"turns":8.0},{"damage":43.0,"enemies":"Giant Head","floor":41.0,"turns":6.0},{"damage":12.0,"enemies":"Orb Walker","floor":42.0,"turns":3.0},{"damage":31.0,"enemies":"4 Shapes","floor":45.0,"turns":3.0},{"damage":105,"enemies":"Donu and Deca","floor":50,"turns":6}],"seed_played":"4573522167727283742","potions_obtained":[{"floor":8.0,"key":"LiquidBronze"},{"floor":11.0,"key":"SteroidPotion"},{"floor":16.0,"key":"Strength Potion"},{"floor":23.0,"key":"SkillPotion"},{"floor":25.0,"key":"Swift Potion"}],"is_trial":false,"path_per_floor":["M","?","M","?","$","R","$","E","T","R","M","$","E","M","R","B",null,"M","?","?","M","?","E","R","E","T","M","?","M","R","E","R","B",null,"M","$","?","$","?","R","E","M","T","$","M","T","R","?","R","B",null],"character_chosen":"IRONCLAD","items_purchased":["Infernal Blade","Brimstone","Vajra","Mercury Hourglass","Sling","Letter Opener","Explosive Potion","Block Potion"],"campfire_rested":4,"item_purchase_floors":[7,36,36,38,38,38,38,38],"current_hp_per_floor":[72,72,71,64,64,64,64,48,48,48,50,50,23,21,45,45,73,57,57,57,39,39,38,62,33,33,17,17,7,31,10,34,26,68,40,40,40,40,67,67,40,44,44,44,64,64,64,64,64,27],"gold":19,"neow_bonus":"TEN_PERCENT_HP_BONUS","is_prod":false,"is_daily":false,"chose_seed":false,"campfire_upgraded":2,"win_rate":0,"timestamp":1550011940,"path_taken":["M","?","?","?","$","R","?","E","T","R","M","$","E","M","R","BOSS","M","?","?","?","?","E","R","E","T","M","?","?","R","E","R","BOSS","M","$","?","$","?","R","E","M","T","$","M","?","R","?","R","BOSS"],"build_version":"2019-01-23","purchased_purges":4,"victory":true,"max_hp_per_floor":[82,82,82,82,82,82,82,82,82,82,82,82,82,82,82,82,82,82,82,82,82,82,82,82,82,82,82,82,82,82,82,82,82,82,82,82,82,82,67,67,67,67,67,67,67,67,67,67,67,67],"card_choices":[{"not_picked":["Shrug It Off","Body Slam"],"picked":"Armaments","floor":1.0},{"not_picked":["Second Wind","Havoc"],"picked":"Disarm","floor":3.0},{"not_picked":["Carnage","Perfected Strike"],"picked":"Demon Form","floor":8.0},{"not_picked":["Headbutt","Feel No Pain"],"picked":"Twin Strike","floor":11.0},{"not_picked":["Flex","Clothesline"],"picked":"Disarm","floor":13.0},{"not_picked":["Flex","Havoc","Headbutt"],"picked":"SKIP","floor":14.0},{"not_picked":["Pommel Strike+1","Sword Boomerang"],"picked":"Pummel","floor":18.0},{"not_picked":["Anger","Wild Strike"],"picked":"Twin Strike+1","floor":21.0},{"not_picked":["Perfected Strike+1","Twin Strike","Cleave"],"picked":"SKIP","floor":23.0},{"not_picked":["Warcry","Immolate","Demon Form"],"picked":"SKIP","floor":25.0},{"not_picked":["Power Through","Brutality"],"picked":"Heavy Blade+1","floor":27.0},{"not_picked":["Thunderclap","Headbutt","Cleave"],"picked":"SKIP","floor":29.0},{"not_picked":["Anger","Cleave"],"picked":"Exhume","floor":31.0},{"not_picked":["Fiend Fire","Double Tap"],"picked":"Reaper","floor":33.0},{"not_picked":["Clash","Rupture+1","True Grit"],"picked":"SKIP","floor":35.0},{"not_picked":["Dark Embrace","Flame Barrier"],"picked":"Reaper","floor":41.0},{"not_picked":["Cleave","Hemokinesis"],"picked":"Sword Boomerang","floor":42.0},{"not_picked":["Headbutt+1","Iron Wave"],"picked":"True Grit+1","floor":45.0}],"player_experience":725153,"relics_obtained":[{"floor":8.0,"key":"WingedGreaves"},{"floor":9.0,"key":"Self Forming Clay"},{"floor":13.0,"key":"Boot"},{"floor":23.0,"key":"Bronze Scales"},{"floor":25.0,"key":"Shovel"},{"floor":26.0,"key":"Oddly Smooth Stone"},{"floor":31.0,"key":"Old Coin"},{"floor":40.0,"key":"Red Skull"},{"floor":41.0,"key":"Bag of Marbles"},{"floor":47,"key":"Dream Catcher"},{"floor":49,"key":"Bottled Tornado"}],"event_choices":[{"damage_healed":0.0,"max_hp_gain":0.0,"max_hp_loss":0.0,"gold_gain":0.0,"event_name":"Upgrade Shrine","player_choice":"Upgraded","floor":2.0,"gold_loss":0.0,"damage_taken":0.0,"cards_upgraded":["Armaments"]},{"cards_removed":["Defend_R"],"damage_healed":0.0,"max_hp_gain":0.0,"max_hp_loss":0.0,"gold_gain":0.0,"event_name":"Golden Wing","player_choice":"Card Removal","floor":4.0,"gold_loss":0.0,"damage_taken":7.0},{"damage_healed":0.0,"max_hp_gain":0.0,"max_hp_loss":0.0,"gold_gain":0.0,"event_name":"The Library","player_choice":"Read","floor":19.0,"gold_loss":0.0,"damage_taken":0.0,"cards_obtained":["Disarm"]},{"damage_healed":0.0,"max_hp_gain":0.0,"max_hp_loss":0.0,"gold_gain":0.0,"event_name":"N\u0027loth","player_choice":"Traded Relic","floor":20.0,"relics_lost":["Boot"],"gold_loss":0.0,"damage_taken":0.0,"relics_obtained":["Nloth\u0027s Gift"]},{"cards_removed":["Strike_R"],"damage_healed":0.0,"max_hp_gain":0.0,"max_hp_loss":0.0,"gold_gain":0.0,"event_name":"Beggar","player_choice":"Gave Gold","floor":22.0,"gold_loss":75.0,"damage_taken":0.0},{"damage_healed":0.0,"max_hp_gain":0.0,"max_hp_loss":0.0,"gold_gain":0.0,"event_name":"Duplicator","player_choice":"Copied","floor":28.0,"gold_loss":0.0,"damage_taken":0.0,"cards_obtained":["Pummel"]},{"damage_healed":0.0,"max_hp_gain":0.0,"max_hp_loss":0.0,"gold_gain":999.0,"event_name":"MindBloom","player_choice":"Gold","floor":37.0,"gold_loss":0.0,"damage_taken":0.0,"cards_obtained":["Normality","Normality"]},{"damage_healed":67.0,"max_hp_gain":0.0,"max_hp_loss":15.0,"gold_gain":0.0,"event_name":"The Moai Head","player_choice":"Heal","floor":39.0,"gold_loss":0.0,"damage_taken":0.0},{"damage_healed":0,"gold_gain":0,"player_choice":"Ignored","damage_taken":0,"max_hp_gain":0,"max_hp_loss":0,"event_name":"SecretPortal","floor":48,"gold_loss":0}],"is_beta":false,"boss_relics":[{"not_picked":["White Beast Statue","Astrolabe"],"picked":"Fusion Hammer"},{"not_picked":["Philosopher\u0027s Stone","Velvet Choker"],"picked":"Cursed Key"}],"items_purged_floors":[5,36,38,44],"is_endless":false,"potions_floor_spawned":[8,11,16,23,25,41,45],"ascension_level":17}