{"gold_per_floor":[112,39,39,39,58,91,106,106,106,119,151,170,220,152,152,254,254,265,265,315,330,343,353,353,364,364,383,413,103,103,133,133,230,230,242,242,342,342,362,394,394,405,405,405,415,415,429,441,441,441],"floor_reached":51,"playtime":3235,"items_purged":["Writhe"],"score":1008,"play_id":"83504c0f-8356-4e62-a867-b7bfbcc535f1","local_time":"20190112150442","is_ascension_mode":true,"campfire_choices":[{"floor":8,"key":"REST"},{"floor":15,"key":"REST"},{"floor":24,"key":"REST"},{"floor":30,"key":"REST"},{"floor":32,"key":"REST"},{"data":"After Image","floor":41,"key":"SMITH"},{"floor":44,"key":"REST"},{"data":"Blade Dance","floor":46,"key":"SMITH"},{"data":"Neutralize","floor":49,"key":"SMITH"}],"neow_cost":"TEN_PERCENT_HP_LOSS","seed_source_timestamp":223013872089948,"circlet_count":0,"master_deck":["Defend_G","Defend_G","Defend_G","Defend_G","Defend_G","Strike_G","Strike_G","Strike_G","Strike_G","Strike_G","Survivor","Neutralize+1","Jack Of All Trades","Secret Technique","Footwork","All Out Attack","PiercingWail","Blur","Masterful Stab+1","Slice+1","Finisher+1","Outmaneuver","Noxious Fumes","After Image+1","Dodge and Roll+1","Blade Dance+1","Backstab+1","Slice+1","Cloak And Dagger","Dagger Spray+1","Noxious Fumes","Sucker Punch+1","Dodge and Roll","Backstab+1","Blade Dance","Adrenaline","Infinite Blades+1","Flash of Steel+1","Noxious Fumes+1","Caltrops"],"relics":["Ring of the Serpent","Molten Egg 2","Kunai","PreservedInsect","Thread and Needle","Bag of Marbles","Bronze Scales","WristBlade","Incense Burner","Ancient Tea Set","Ninja Scroll"],"potions_floor_usage":[11,16,16,50],"damage_taken":[{"damage":0,"enemies":"Small Slimes","floor":1,"turns":5},{"damage":0,"enemies":"Jaw Worm","floor":5,"turns":5},{"damage":51,"enemies":"Gremlin Nob","floor":6,"turns":6},{"damage":8,"enemies":"Cultist","floor":7,"turns":6},{"damage":0,"enemies":"2 Fungi Beasts","floor":10,"turns":4},{"damage":15,"enemies":"Lagavulin","floor":11,"turns":12},{"damage":7,"enemies":"Exordium Wildlife","floor":12,"turns":6},{"damage":19,"enemies":"Slime Boss","floor":16,"turns":9},{"damage":8,"enemies":"Spheric Guardian","floor":18,"turns":6},{"damage":5,"enemies":"Chosen","floor":21,"turns":8},{"damage":9,"enemies":"Centurion and Healer","floor":22,"turns":10},{"damage":16,"enemies":"Shelled Parasite and Fungi","floor":23,"turns":6},{"damage":4,"enemies":"Snecko","floor":25,"turns":8},{"damage":0,"enemies":"Sentry and Sphere","floor":27,"turns":8},{"damage":4,"enemies":"3 Cultists","floor":28,"turns":5},{"damage":9,"enemies":"Gremlin Leader","floor":31,"turns":6},{"damage":45,"enemies":"Collector","floor":33,"turns":13},{"damage":2,"enemies":"Orb Walker","floor":35,"turns":2},{"damage":4,"enemies":"Mind Bloom Boss Battle","floor":37,"turns":8},{"damage":0,"enemies":"3 Shapes","floor":39,"turns":2},{"damage":3,"enemies":"Giant Head","floor":40,"turns":8},{"damage":7,"enemies":"Spire Growth","floor":42,"turns":5},{"damage":0,"enemies":"Jaw Worm Horde","floor":45,"turns":2},{"damage":0,"enemies":"4 Shapes","floor":47,"turns":4},{"damage":0,"enemies":"Transient","floor":48,"turns":5},{"damage":16,"enemies":"Donu and Deca","floor":50,"turns":9}],"seed_played":"5434193259070466170","potions_obtained":[{"floor":7,"key":"GhostInAJar"},{"floor":10,"key":"Dexterity Potion"},{"floor":11,"key":"AttackPotion"},{"floor":21,"key":"Dexterity Potion"},{"floor":23,"key":"Swift Potion"},{"floor":27,"key":"FairyPotion"},{"floor":37,"key":"GhostInAJar"}],"is_trial":false,"path_per_floor":["M","$","?","?","M","E","M","R","T","M","E","M","?","$","R","B",null,"M","?","?","M","M","M","R","M","T","M","M","$","R","E","R","B",null,"M","?","?","?","M","E","R","M","T","R","M","R","M","M","R","B",null],"character_chosen":"THE_SILENT","items_purchased":["All Out Attack","Noxious Fumes","Noxious Fumes","Sucker Punch+1","Dodge and Roll","Backstab+1"],"campfire_rested":6,"item_purchase_floors":[2,14,29,29,29,29],"current_hp_per_floor":[63,63,68,62,62,11,3,23,23,23,8,1,1,1,21,2,52,44,44,44,39,30,14,34,30,30,30,26,26,46,37,57,12,54,52,52,48,48,48,45,45,38,38,58,58,58,58,58,58,42],"gold":441,"neow_bonus":"RANDOM_COLORLESS_2","is_prod":false,"is_daily":false,"chose_seed":false,"campfire_upgraded":3,"win_rate":0,"timestamp":1547323482,"path_taken":["M","$","?","?","M","E","?","R","T","M","E","M","?","?","R","BOSS","M","?","?","M","M","M","R","M","T","M","?","$","R","E","R","BOSS","M","?","?","?","M","E","R","M","T","R","?","R","M","M","R","BOSS"],"build_version":"2019-01-10","purchased_purges":1,"victory":true,"max_hp_per_floor":[63,63,68,68,68,68,68,68,68,68,68,68,68,68,68,68,68,68,68,68,68,68,68,68,68,68,68,68,68,68,68,68,68,68,68,68,68,68,68,68,68,68,68,68,68,68,68,68,68,68],"card_choices":[{"not_picked":["Slice","Dodge and Roll"],"picked":"Footwork","floor":1},{"not_picked":["Dagger Spray","Deflect"],"picked":"PiercingWail","floor":5},{"not_picked":["Skewer","A Thousand Cuts"],"picked":"Blur","floor":6},{"not_picked":["Deflect","Acrobatics"],"picked":"Masterful Stab+1","floor":7},{"not_picked":["Eviscerate+1","Riddle With Holes+1"],"picked":"Slice+1","floor":10},{"not_picked":["Bane+1","Quick Slash+1"],"picked":"Finisher+1","floor":11},{"not_picked":["Dagger Throw+1","Deadly Poison"],"picked":"Outmaneuver","floor":12},{"not_picked":["Grand Finale+1","Adrenaline"],"picked":"After Image","floor":16},{"not_picked":["Deflect","Sucker Punch+1"],"picked":"Dodge and Roll+1","floor":18},{"not_picked":["Choke+1","Sucker Punch+1"],"picked":"Blade Dance","floor":21},{"not_picked":["Escape Plan+1","Flying Knee+1"],"picked":"Backstab+1","floor":22},{"not_picked":["Deflect+1","Quick Slash+1"],"picked":"Slice+1","floor":23},{"not_picked":["Prepared","Reflex","Flying Knee+1"],"picked":"SKIP","floor":25},{"not_picked":["Predator+1","Acrobatics"],"picked":"Cloak And Dagger","floor":27},{"not_picked":["Slice+1","Choke+1"],"picked":"Dagger Spray+1","floor":28},{"not_picked":["Dagger Throw+1","Deadly Poison"],"picked":"Blade Dance","floor":31},{"not_picked":["Grand Finale+1","Tools of the Trade"],"picked":"Adrenaline","floor":33},{"not_picked":["Blur","Deflect+1"],"picked":"Infinite Blades+1","floor":35},{"not_picked":["Impatience","Dark Shackles"],"picked":"Flash of Steel+1","floor":36},{"not_picked":["Sucker Punch+1","PiercingWail","Underhanded Strike+1"],"picked":"SKIP","floor":39},{"not_picked":["Heel Hook+1","Underhanded Strike+1"],"picked":"Noxious Fumes+1","floor":40},{"not_picked":["Bane+1","Sucker Punch+1","Poisoned Stab+1"],"picked":"SKIP","floor":42},{"not_picked":["Deadly Poison","Dagger Spray+1","Underhanded Strike+1"],"picked":"SKIP","floor":45},{"not_picked":["Underhanded Strike+1","Deflect","Dagger Throw+1"],"picked":"SKIP","floor":47},{"not_picked":["Skewer+1","Bullet Time"],"picked":"Caltrops","floor":48}],"player_experience":535028,"relics_obtained":[{"floor":6,"key":"Molten Egg 2"},{"floor":9,"key":"Kunai"},{"floor":11,"key":"PreservedInsect"},{"floor":26,"key":"Bag of Marbles"},{"floor":31,"key":"Bronze Scales"},{"floor":37,"key":"Incense Burner"},{"floor":40,"key":"Ancient Tea Set"},{"floor":43,"key":"Ninja Scroll"}],"event_choices":[{"damage_healed":0,"gold_gain":0,"player_choice":"Donut","damage_taken":0,"max_hp_gain":5,"max_hp_loss":0,"event_name":"Big Fish","floor":3,"gold_loss":0},{"damage_healed":0,"gold_gain":0,"player_choice":"Damaged","damage_taken":6,"max_hp_gain":0,"max_hp_loss":0,"event_name":"Wheel of Change","floor":4,"gold_loss":0},{"damage_healed":0,"gold_gain":50,"player_choice":"Gained Gold","damage_taken":0,"max_hp_gain":0,"max_hp_loss":0,"event_name":"Golden Wing","floor":13,"gold_loss":0},{"damage_healed":0,"gold_gain":0,"player_choice":"Opened","damage_taken":0,"relics_obtained":["Thread and Needle"],"max_hp_gain":0,"max_hp_loss":0,"event_name":"The Mausoleum","floor":19,"gold_loss":0,"cards_obtained":["Writhe"]},{"damage_healed":0,"gold_gain":100,"player_choice":"Bet on Murderer","damage_taken":0,"max_hp_gain":0,"max_hp_loss":0,"event_name":"The Joust","floor":20,"gold_loss":50},{"damage_healed":0,"gold_gain":0,"player_choice":"Memory 1","damage_taken":0,"max_hp_gain":0,"max_hp_loss":0,"event_name":"SensoryStone","floor":36,"gold_loss":0},{"damage_healed":0,"gold_gain":0,"player_choice":"Fight","damage_taken":0,"max_hp_gain":0,"max_hp_loss":0,"event_name":"MindBloom","floor":37,"gold_loss":0},{"damage_healed":0,"gold_gain":0,"player_choice":"Got Potions","damage_taken":0,"max_hp_gain":0,"max_hp_loss":0,"event_name":"Lab","floor":38,"gold_loss":0}],"is_beta":true,"boss_relics":[{"not_picked":["Orrery","Cursed Key"],"picked":"Ring of the Serpent"},{"not_picked":["Empty Cage","Fusion Hammer"],"picked":"WristBlade"}],"items_purged_floors":[29],"is_endless":false,"potions_floor_spawned":[7,10,11,21,23,27,31,33,37,42,47,48],"ascension_level":9}