{"gold_per_floor":[111,111,36,51,63,91,115,115,167,91,91,110,110,110,110,110],"floor_reached":16,"playtime":1528,"items_purged":["Strike_R"],"score":98,"play_id":"37735664-73aa-4c00-81c4-f8423d6843e3","local_time":"20190106014426","is_ascension_mode":false,"campfire_choices":[{"data":"Shrug It Off","floor":8,"key":"SMITH"},{"data":"Limit Break","floor":13,"key":"SMITH"},{"data":"Body Slam","floor":15,"key":"SMITH"}],"neow_cost":"NONE","seed_source_timestamp":431823158877290,"circlet_count":0,"master_deck":["Strike_R","Strike_R","Strike_R","Defend_R","Defend_R","Defend_R","Defend_R","Bash","Blind","Flex","Body Slam+1","True Grit","Pommel Strike","Shrug It Off+1","Limit Break+1"],"relics":["Burning Blood","Orichalcum","Odd Mushroom","Anchor"],"potions_floor_usage":[],"damage_taken":[{"damage":9,"enemies":"2 Louse","floor":1,"turns":4},{"damage":3,"enemies":"Small Slimes","floor":4,"turns":4},{"damage":6,"enemies":"Jaw Worm","floor":5,"turns":5},{"damage":52,"enemies":"Gremlin Nob","floor":6,"turns":6},{"damage":22,"enemies":"The Mushroom Lair","floor":7,"turns":5},{"damage":0,"enemies":"Exordium Wildlife","floor":12,"turns":4},{"damage":48,"enemies":"Slime Boss","floor":16,"turns":14}],"seed_played":"-1351491894799402706","potions_obtained":[{"floor":4,"key":"SpeedPotion"},{"floor":5,"key":"SpeedPotion"},{"floor":12,"key":"EssenceOfSteel"}],"is_trial":false,"path_per_floor":["M","?","$","M","M","E","?","R","T","$","?","M","R","?","R","B"],"character_chosen":"IRONCLAD","items_purchased":["Limit Break"],"campfire_rested":0,"item_purchase_floors":[10],"current_hp_per_floor":[77,70,70,73,73,27,11,11,11,11,37,43,43,43,43,0],"gold":110,"neow_bonus":"RANDOM_COLORLESS","is_prod":false,"is_daily":false,"chose_seed":false,"campfire_upgraded":3,"win_rate":0.0,"timestamp":1546735466,"path_taken":["M","?","$","M","M","E","?","R","T","$","?","?","R","?","R","BOSS"],"build_version":"2019-01-03v4","purchased_purges":1,"victory":false,"max_hp_per_floor":[80,80,80,80,80,80,80,80,80,80,80,80,80,80,80,80],"card_choices":[{"not_picked":["Anger","Fire Breathing"],"picked":"Flex","floor":1},{"not_picked":["Warcry","Inflame"],"picked":"Body Slam","floor":4},{"not_picked":["Anger","Whirlwind"],"picked":"True Grit","floor":5},{"not_picked":["Shockwave","Disarm"],"picked":"Pommel Strike","floor":6},{"not_picked":["Anger","Body Slam"],"picked":"Shrug It Off","floor":7},{"not_picked":["Reckless Charge","True Grit","Sword Boomerang"],"picked":"SKIP","floor":12}],"player_experience":166951,"relics_obtained":[{"floor":6,"key":"Orichalcum"},{"floor":7,"key":"Odd Mushroom"},{"floor":9,"key":"Anchor"}],"event_choices":[{"cards_removed":["Strike_R"],"damage_healed":0,"gold_gain":0,"player_choice":"Card Removal","damage_taken":7,"max_hp_gain":0,"max_hp_loss":0,"event_name":"Golden Wing","floor":2,"gold_loss":0},{"damage_healed":0,"gold_gain":0,"player_choice":"Fought Mushrooms","damage_taken":0,"max_hp_gain":0,"max_hp_loss":0,"event_name":"Mushrooms","floor":7,"gold_loss":0},{"damage_healed":26,"gold_gain":0,"player_choice":"Banana","damage_taken":0,"max_hp_gain":0,"max_hp_loss":0,"event_name":"Big Fish","floor":11,"gold_loss":0},{"damage_healed":0,"gold_gain":0,"player_choice":"Searched \u00270\u0027 times","damage_taken":0,"max_hp_gain":0,"max_hp_loss":0,"event_name":"Dead Adventurer","floor":14,"gold_loss":0}],"is_beta":false,"boss_relics":[],"items_purged_floors":[3],"is_endless":false,"potions_floor_spawned":[4,5,12],"killed_by":"Slime Boss","ascension_level":0}