{"gold_per_floor":[111,122,137,137,157,157,174,206,252,264,287,299,326,358,370,382],"floor_reached":16,"playtime":2002,"items_purged":[],"score":122,"play_id":"78b29345-eb93-4bb7-8513-52266872782b","local_time":"20190112172411","is_ascension_mode":true,"campfire_choices":[{"data":"Neutralize","floor":6,"key":"SMITH"},{"floor":10,"key":"REST"},{"data":"Deadly Poison","floor":12,"key":"SMITH"},{"floor":15,"key":"REST"}],"neow_cost":"NONE","seed_source_timestamp":228899059733336,"circlet_count":0,"master_deck":["Defend_G","Defend_G","Defend_G+1","Defend_G","Defend_G","Strike_G","Strike_G","Strike_G","Strike_G","Strike_G","Survivor+1","Neutralize+1","Bullet Time","Dodge and Roll","Deadly Poison+1","Infinite Blades","Backflip","Poisoned Stab"],"relics":["Ring of the Snake","War Paint","MawBank"],"potions_floor_usage":[8,8,16],"damage_taken":[{"damage":13,"enemies":"Jaw Worm","floor":1,"turns":7},{"damage":0,"enemies":"Cultist","floor":2,"turns":4},{"damage":3,"enemies":"2 Louse","floor":3,"turns":3},{"damage":11,"enemies":"Large Slime","floor":5,"turns":11},{"damage":15,"enemies":"3 Louse","floor":7,"turns":6},{"damage":30,"enemies":"Lagavulin","floor":8,"turns":10},{"damage":2,"enemies":"2 Fungi Beasts","floor":11,"turns":4},{"damage":9,"enemies":"Exordium Thugs","floor":13,"turns":5},{"damage":7,"enemies":"Lots of Slimes","floor":14,"turns":6},{"damage":48,"enemies":"Slime Boss","floor":16,"turns":10}],"seed_played":"-4335974739311675184","potions_obtained":[{"floor":2,"key":"EssenceOfSteel"},{"floor":5,"key":"FearPotion"},{"floor":7,"key":"Energy Potion"},{"floor":14,"key":"Regen Potion"}],"is_trial":false,"path_per_floor":["M","M","M","?","M","R","M","E","T","R","M","R","M","M","R","B"],"character_chosen":"THE_SILENT","items_purchased":[],"campfire_rested":2,"item_purchase_floors":[],"current_hp_per_floor":[57,57,54,59,48,48,33,3,3,24,22,22,13,6,27,0],"gold":382,"neow_bonus":"ONE_RANDOM_RARE_CARD","is_prod":false,"is_daily":false,"chose_seed":false,"campfire_upgraded":2,"win_rate":0,"timestamp":1547310251,"path_taken":["M","M","M","?","M","R","M","E","T","R","M","R","M","M","R","BOSS"],"build_version":"2019-01-10","purchased_purges":0,"victory":false,"max_hp_per_floor":[70,70,70,70,70,70,70,70,70,70,70,70,70,70,70,70],"card_choices":[{"not_picked":["Prepared","Outmaneuver","Bane"],"picked":"SKIP","floor":1},{"not_picked":["Choke","Underhanded Strike","Outmaneuver"],"picked":"SKIP","floor":2},{"not_picked":["Underhanded Strike","Bane"],"picked":"Deflect","floor":3},{"not_picked":["Poisoned Stab","Riddle With Holes"],"picked":"Dodge and Roll","floor":5},{"not_picked":["Footwork","Riddle With Holes"],"picked":"Deadly Poison","floor":7},{"not_picked":["Eviscerate","Bullet Time","Setup"],"picked":"SKIP","floor":8},{"not_picked":["Acrobatics","Quick Slash"],"picked":"Infinite Blades","floor":11},{"not_picked":["Deflect","Acrobatics"],"picked":"Backflip","floor":13},{"not_picked":["Prepared","Heel Hook"],"picked":"Poisoned Stab","floor":14}],"player_experience":261059,"relics_obtained":[{"floor":8,"key":"War Paint"},{"floor":9,"key":"MawBank"}],"event_choices":[{"cards_removed":["Deflect"],"damage_healed":5,"gold_gain":0,"player_choice":"Offered Common","damage_taken":0,"max_hp_gain":0,"max_hp_loss":0,"event_name":"Bonfire Elementals","floor":4,"gold_loss":0},{"cards_removed":["Deflect"],"damage_healed":5,"gold_gain":0,"player_choice":"Offered Special","damage_taken":0,"max_hp_gain":0,"max_hp_loss":0,"event_name":"Bonfire Elementals","floor":4,"gold_loss":0}],"is_beta":false,"boss_relics":[],"items_purged_floors":[],"is_endless":false,"potions_floor_spawned":[2,5,7,14],"killed_by":"Slime Boss","ascension_level":3}