{"gold_per_floor":[114,64,64,64,80,80,113,131,131,131,157,232,0,14,14,117,117,135,154,170,170,27,27,42,55,80,106,106,106,136,156,156,261,261,278,278,290,301,261,261,288,34,60,87,87,87,97,111,111,111],"floor_reached":51,"playtime":4540,"items_purged":["Decay"],"score":893,"play_id":"bf98dbc1-bc60-44f3-80ce-b4106d41e12f","local_time":"20190131032926","is_ascension_mode":true,"campfire_choices":[{"data":"Crippling Poison","floor":6.0,"key":"SMITH"},{"data":"Neutralize","floor":10.0,"key":"SMITH"},{"data":"Sucker Punch","floor":15.0,"key":"SMITH"},{"data":"Malaise","floor":23.0,"key":"SMITH"},{"data":"Poisoned Stab","floor":29,"key":"SMITH"},{"data":"Survivor","floor":32,"key":"SMITH"},{"data":"Dagger Spray","floor":40,"key":"SMITH"},{"floor":46,"key":"REST"},{"data":"Blur","floor":49,"key":"SMITH"}],"neow_cost":"NONE","seed_source_timestamp":8146386465902,"circlet_count":0,"master_deck":["Defend_G","Defend_G","Defend_G","Defend_G","Defend_G","Survivor+1","Neutralize+1","Quick Slash","Crippling Poison+1","Dagger Spray+1","Malaise+1","Poisoned Stab","Sadistic Nature+1","Dagger Throw","Sucker Punch+1","Bullet Time+1","Calculated Gamble+1","Well Laid Plans+1","Backflip+1","Poisoned Stab+1","Bite+1","Bite","Bite","Bite+1","Bite+1","Corpse Explosion","Envenom+1","Cloak And Dagger+1","Noxious Fumes+1","Dodge and Roll+1","Blur+1","Bouncing Flask+1"],"special_seed":0,"relics":["Ring of the Snake","NeowsBlessing","Lantern","Thread and Needle","Frozen Egg 2","Incense Burner","Sozu","Bag of Preparation","Darkstone Periapt","Snake Skull","Black Star","Regal Pillow","Whetstone","Bottled Tornado","Smiling Mask","Centennial Puzzle"],"potions_floor_usage":[44],"damage_taken":[{"damage":0.0,"enemies":"Small Slimes","floor":1.0,"turns":1.0},{"damage":0.0,"enemies":"2 Louse","floor":5.0,"turns":1.0},{"damage":0.0,"enemies":"3 Sentries","floor":7.0,"turns":1.0},{"damage":1.0,"enemies":"Jaw Worm","floor":8.0,"turns":4.0},{"damage":6.0,"enemies":"Lagavulin","floor":11.0,"turns":10.0},{"damage":0.0,"enemies":"Lots of Slimes","floor":14.0,"turns":3.0},{"damage":8.0,"enemies":"Slime Boss","floor":16.0,"turns":9.0},{"damage":12.0,"enemies":"Spheric Guardian","floor":18.0,"turns":4.0},{"damage":0.0,"enemies":"3 Byrds","floor":19.0,"turns":4.0},{"damage":26.0,"enemies":"Snake Plant","floor":20.0,"turns":5.0},{"damage":0.0,"enemies":"Chosen and Byrds","floor":24.0,"turns":6.0},{"damage":0.0,"enemies":"Snecko","floor":25.0,"turns":5.0},{"damage":0,"enemies":"Gremlin Leader","floor":27,"turns":6},{"damage":14,"enemies":"Slavers","floor":30,"turns":5},{"damage":0,"enemies":"3 Cultists","floor":31,"turns":2},{"damage":24,"enemies":"Collector","floor":33,"turns":9},{"damage":5,"enemies":"Orb Walker","floor":35,"turns":4},{"damage":6,"enemies":"3 Darklings","floor":37,"turns":4},{"damage":25,"enemies":"Spire Growth","floor":38,"turns":4},{"damage":17,"enemies":"Nemesis","floor":41,"turns":6},{"damage":23,"enemies":"Giant Head","floor":44,"turns":7},{"damage":0,"enemies":"Maw","floor":47,"turns":5},{"damage":5,"enemies":"Transient","floor":48,"turns":5},{"damage":35,"enemies":"Time Eater","floor":50,"turns":10}],"seed_played":"-4939065491610165448","potions_obtained":[{"floor":1.0,"key":"Strength Potion"},{"floor":8.0,"key":"Regen Potion"},{"floor":11.0,"key":"SkillPotion"},{"floor":16.0,"key":"Block Potion"}],"is_trial":false,"path_per_floor":["M","?","?","?","M","R","E","M","T","R","E","?","$","M","R","B",null,"M","M","M","?","$","R","M","M","T","E","?","R","E","M","R","B",null,"M","?","M","M","?","R","E","$","T","E","?","R","M","M","R","B",null],"character_chosen":"THE_SILENT","items_purchased":["Sadistic Nature+1","Dagger Throw","Well Laid Plans+1","Bottled Tornado"],"campfire_rested":1,"item_purchase_floors":[13,13,22,42],"current_hp_per_floor":[70,70,45,45,45,45,45,44,44,44,53,42,42,42,42,34,70,58,58,32,32,32,32,32,32,32,32,32,32,24,24,24,18,49,48,48,49,28,28,28,27,27,27,16,16,45,49,46,46,25],"gold":111,"neow_bonus":"THREE_ENEMY_KILL","is_prod":false,"is_daily":false,"chose_seed":false,"campfire_upgraded":8,"win_rate":0,"timestamp":1548901766,"path_taken":["M","?","?","?","M","R","E","M","T","R","E","?","$","M","R","BOSS","M","M","M","?","$","R","M","M","T","E","?","R","E","M","R","BOSS","M","?","M","?","?","R","E","?","T","E","?","R","M","?","R","BOSS"],"build_version":"2019-01-23","purchased_purges":1,"victory":true,"max_hp_per_floor":[70,70,70,70,70,70,70,70,70,70,70,70,70,70,70,70,70,70,70,70,70,70,70,70,70,70,70,49,49,49,49,49,49,49,49,49,49,49,49,49,49,49,49,49,49,49,49,49,49,49],"card_choices":[{"not_picked":["Caltrops","Outmaneuver"],"picked":"Quick Slash","floor":1.0},{"not_picked":["Accuracy","Finisher"],"picked":"Crippling Poison","floor":5.0},{"not_picked":["Blade Dance","Backflip"],"picked":"Dagger Spray","floor":7.0},{"not_picked":["Underhanded Strike","Dagger Spray"],"picked":"Malaise","floor":8.0},{"not_picked":["Distraction","Prepared"],"picked":"Poisoned Stab","floor":11.0},{"not_picked":["Quick Slash","Infinite Blades+1"],"picked":"Sucker Punch","floor":14.0},{"not_picked":["Malaise","Unload"],"picked":"Bullet Time","floor":16.0},{"not_picked":["Calculated Gamble","Prepared","Dagger Throw"],"picked":"SKIP","floor":18.0},{"not_picked":["Outmaneuver","Quick Slash"],"picked":"Calculated Gamble","floor":19.0},{"not_picked":["Adrenaline","Terror","Calculated Gamble+1"],"picked":"SKIP","floor":20.0},{"not_picked":["Deflect+1","Calculated Gamble","Prepared"],"picked":"SKIP","floor":24.0},{"not_picked":["Deflect","Riddle With Holes"],"picked":"Backflip+1","floor":25.0},{"not_picked":["Concentrate+1","Doppelganger"],"picked":"Poisoned Stab","floor":27},{"not_picked":["Backflip+1","Cloak And Dagger+1"],"picked":"Corpse Explosion","floor":30},{"not_picked":["Slice","Tactician+1","Blade Dance"],"picked":"SKIP","floor":31},{"not_picked":["Wraith Form v2+1","Adrenaline"],"picked":"Envenom+1","floor":33},{"not_picked":["Poisoned Stab+1","Deflect+1","Quick Slash"],"picked":"SKIP","floor":35},{"not_picked":["Poisoned Stab+1","PiercingWail"],"picked":"Cloak And Dagger+1","floor":37},{"not_picked":["Finisher","Choke","Predator+1"],"picked":"SKIP","floor":38},{"not_picked":["Concentrate+1","Skewer"],"picked":"Noxious Fumes+1","floor":41},{"not_picked":["All Out Attack+1","Prepared+1"],"picked":"Dodge and Roll+1","floor":44},{"not_picked":["Deflect","Infinite Blades+1"],"picked":"Blur","floor":47},{"not_picked":["Finisher","Dash+1"],"picked":"Bouncing Flask+1","floor":48}],"player_experience":282265,"relics_obtained":[{"floor":7.0,"key":"Thread and Needle"},{"floor":9.0,"key":"Frozen Egg 2"},{"floor":11.0,"key":"Incense Burner"},{"floor":26.0,"key":"Bag of Preparation"},{"floor":27,"key":"Darkstone Periapt"},{"floor":30,"key":"Snake Skull"},{"floor":41,"key":"Regal Pillow"},{"floor":41,"key":"Whetstone"},{"floor":44,"key":"Smiling Mask"},{"floor":44,"key":"Centennial Puzzle"}],"event_choices":[{"cards_removed":["Strike_G"],"damage_healed":0.0,"max_hp_gain":0.0,"max_hp_loss":0.0,"gold_gain":0.0,"event_name":"The Cleric","player_choice":"Card Removal","floor":2.0,"gold_loss":50.0,"damage_taken":0.0},{"damage_healed":0.0,"max_hp_gain":0.0,"max_hp_loss":0.0,"gold_gain":0.0,"event_name":"Scrap Ooze","player_choice":"Success","floor":3.0,"gold_loss":0.0,"damage_taken":25.0,"relics_obtained":["Lantern"]},{"damage_healed":0.0,"max_hp_gain":0.0,"max_hp_loss":0.0,"gold_gain":0.0,"event_name":"Shining Light","player_choice":"Ignored","floor":4.0,"gold_loss":0.0,"damage_taken":0.0},{"damage_healed":0.0,"max_hp_gain":0.0,"max_hp_loss":0.0,"gold_gain":75.0,"event_name":"World of Goop","player_choice":"Gather Gold","floor":12.0,"gold_loss":0.0,"damage_taken":11.0},{"damage_healed":0.0,"max_hp_gain":0.0,"max_hp_loss":0.0,"gold_gain":0.0,"event_name":"Forgotten Altar","player_choice":"Smashed Altar","floor":21.0,"gold_loss":0.0,"damage_taken":0.0,"cards_obtained":["Decay"]},{"damage_healed":0,"gold_gain":0,"player_choice":"Became a vampire","damage_taken":0,"max_hp_gain":0,"max_hp_loss":21,"event_name":"Vampires","floor":28,"gold_loss":0,"cards_obtained":["Bite","Bite","Bite","Bite","Bite"]},{"damage_healed":0,"gold_gain":0,"player_choice":"Upgraded","damage_taken":0,"max_hp_gain":0,"max_hp_loss":0,"event_name":"Upgrade Shrine","floor":36,"gold_loss":0,"cards_upgraded":["Bullet Time"]},{"damage_healed":0,"gold_gain":0,"player_choice":"Upgraded Two","damage_taken":0,"max_hp_gain":0,"max_hp_loss":0,"event_name":"Designer","floor":39,"gold_loss":40,"cards_upgraded":["Calculated Gamble","Bite"]},{"damage_healed":0,"gold_gain":0,"player_choice":"Ignored","damage_taken":0,"max_hp_gain":0,"max_hp_loss":0,"event_name":"Mysterious Sphere","floor":45,"gold_loss":0}],"is_beta":false,"boss_relics":[{"not_picked":["Pandora\u0027s Box","HoveringKite"],"picked":"Sozu"},{"not_picked":["Runic Pyramid","Velvet Choker"],"picked":"Black Star"}],"items_purged_floors":[22],"is_endless":false,"potions_floor_spawned":[1,8,11,16,18,19,24,35,44,47],"ascension_level":3}