{"gold_per_floor":[114,132,143,154,229,229,379,412,412,425,43,96,107,127,127,204,204,217,5,16,36,48,48,82,82,130,130,130],"floor_reached":28,"playtime":3354,"items_purged":["Doubt"],"score":448,"play_id":"8890c553-2e7f-488c-a9ed-15843d4aa68f","local_time":"20190205011307","is_ascension_mode":true,"campfire_choices":[{"floor":6.0,"key":"REST"},{"floor":15.0,"key":"REST"},{"floor":23.0,"key":"REST"}],"neow_cost":"TEN_PERCENT_HP_LOSS","seed_source_timestamp":0,"circlet_count":0,"master_deck":["AscendersBane","Strike_B","Strike_B","Defend_B","Defend_B","Defend_B","Defend_B","Zap","Dualcast","Steam","Doom and Gloom","Barrage","Stack","Coolheaded","Coolheaded","Fission","Coolheaded","Defragment","Conserve Battery","Glacier","Creative AI","Hologram+1","Compile Driver","Blizzard","Go for the Eyes","Cold Snap","Turbo","Seek"],"special_seed":0,"relics":["Cracked Core","Ginger","Unceasing Top","Runic Capacitor","Tiny Chest","Runic Dome","Orichalcum","Frozen Egg 2","Bag of Marbles"],"potions_floor_usage":[],"damage_taken":[{"damage":2.0,"enemies":"Jaw Worm","floor":1.0,"turns":3.0},{"damage":1.0,"enemies":"2 Louse","floor":2.0,"turns":3.0},{"damage":0.0,"enemies":"Small Slimes","floor":3.0,"turns":2.0},{"damage":14.0,"enemies":"Red Slaver","floor":4.0,"turns":5.0},{"damage":37.0,"enemies":"Gremlin Nob","floor":8.0,"turns":6.0},{"damage":1.0,"enemies":"Looter","floor":10.0,"turns":4.0},{"damage":5.0,"enemies":"Blue Slaver","floor":13.0,"turns":6.0},{"damage":5.0,"enemies":"Gremlin Gang","floor":14.0,"turns":5.0},{"damage":11.0,"enemies":"Slime Boss","floor":16.0,"turns":6.0},{"damage":0.0,"enemies":"Spheric Guardian","floor":18.0,"turns":6.0},{"damage":20.0,"enemies":"2 Thieves","floor":20.0,"turns":5.0},{"damage":3.0,"enemies":"Snake Plant","floor":21.0,"turns":7.0},{"damage":13.0,"enemies":"Centurion and Healer","floor":22.0,"turns":8.0},{"damage":30.0,"enemies":"Slavers","floor":24.0,"turns":9.0},{"damage":12,"enemies":"Gremlin Leader","floor":28,"turns":2}],"seed_played":"-5729363192019652621","potions_obtained":[{"floor":1.0,"key":"FocusPotion"},{"floor":2.0,"key":"Poison Potion"},{"floor":8.0,"key":"PowerPotion"},{"floor":18.0,"key":"Dexterity Potion"},{"floor":20.0,"key":"Swift Potion"}],"is_trial":false,"path_per_floor":["M","M","M","M","?","R","?","E","T","M","$","T","M","M","R","B",null,"M","$","M","M","M","R","E","?","T","?","E"],"character_chosen":"DEFECT","items_purchased":["Runic Capacitor","Defragment","Orichalcum","Compile Driver"],"campfire_rested":3,"item_purchase_floors":[11,11,19,19],"current_hp_per_floor":[62,61,61,47,36,55,55,18,18,17,17,17,12,7,26,15,52,52,52,32,29,16,35,5,5,5,5,0],"gold":130,"neow_bonus":"TRANSFORM_TWO_CARDS","is_prod":false,"is_daily":false,"chose_seed":false,"campfire_upgraded":0,"win_rate":0,"timestamp":1549347187,"path_taken":["M","M","M","M","?","R","?","E","T","M","$","?","M","M","R","BOSS","M","$","M","M","M","R","E","?","T","?","E"],"build_version":"2019-01-23","purchased_purges":1,"victory":false,"max_hp_per_floor":[64,64,64,64,64,64,64,64,64,64,64,64,64,64,64,64,64,64,64,64,64,64,64,64,64,64,64,64],"card_choices":[{"not_picked":["Steam Power","Sweeping Beam"],"picked":"Barrage","floor":1.0},{"not_picked":["Turbo","Force Field"],"picked":"Stack","floor":2.0},{"not_picked":["Rebound","Compile Driver"],"picked":"Coolheaded","floor":3.0},{"not_picked":["Darkness","Genetic Algorithm"],"picked":"Coolheaded","floor":4.0},{"not_picked":["Doom and Gloom","Recycle"],"picked":"Fission","floor":8.0},{"not_picked":["Auto Shields","Gash"],"picked":"Coolheaded","floor":10.0},{"not_picked":["Go for the Eyes","Stack"],"picked":"Conserve Battery","floor":13.0},{"not_picked":["Storm","Rip and Tear"],"picked":"Glacier","floor":14.0},{"not_picked":["All For One","Reboot"],"picked":"Creative AI","floor":16.0},{"not_picked":["Streamline","Leap"],"picked":"Hologram+1","floor":18.0},{"not_picked":["Steam","Creative AI"],"picked":"Blizzard","floor":20.0},{"not_picked":["Coolheaded","Lockon"],"picked":"Go for the Eyes","floor":21.0},{"not_picked":["Coolheaded","FTL+1"],"picked":"Cold Snap","floor":22.0},{"not_picked":["Double Energy","Steam"],"picked":"Turbo","floor":24.0}],"player_experience":999959,"relics_obtained":[{"floor":8.0,"key":"Ginger"},{"floor":9.0,"key":"Unceasing Top"},{"floor":12.0,"key":"Tiny Chest"},{"floor":24.0,"key":"Frozen Egg 2"},{"floor":26.0,"key":"Bag of Marbles"}],"event_choices":[{"damage_healed":0.0,"max_hp_gain":0.0,"max_hp_loss":0.0,"gold_gain":75.0,"event_name":"World of Goop","player_choice":"Gather Gold","floor":5.0,"gold_loss":0.0,"damage_taken":11.0},{"damage_healed":0.0,"max_hp_gain":0.0,"max_hp_loss":0.0,"gold_gain":150.0,"event_name":"Liars Game","player_choice":"AGREE","floor":7.0,"gold_loss":0.0,"damage_taken":0.0,"cards_obtained":["Doubt"]},{"damage_healed":0.0,"max_hp_gain":0.0,"max_hp_loss":0.0,"gold_gain":0.0,"event_name":"Cursed Tome","player_choice":"Ignored","floor":25.0,"gold_loss":0.0,"damage_taken":0.0},{"damage_healed":0,"gold_gain":0,"player_choice":"1 cards matched","damage_taken":0,"max_hp_gain":0,"max_hp_loss":0,"event_name":"Match and Keep!","floor":27,"gold_loss":0,"cards_obtained":["Seek"]}],"is_beta":false,"boss_relics":[{"not_picked":["Eternal Feather","Empty Cage"],"picked":"Runic Dome"}],"items_purged_floors":[11],"is_endless":false,"potions_floor_spawned":[1,2,8,18,20,21],"killed_by":"Gremlin Leader","ascension_level":17}