{"gold_per_floor":[113,123,123,26,101,133,133,145,171,204,219,219,232,266,266,368,418,436,526,538,74,84,84,109,125,125,125,139,139,153,163,163,263,263,281,281,203,222,222,222,247,21,46,57,57,76,76,89,89,89],"floor_reached":50,"playtime":2460,"items_purged":["Strike_B"],"score":728,"play_id":"8eeb165e-1aa2-4586-95a7-89320cdc6bd9","local_time":"20190203180541","is_ascension_mode":true,"campfire_choices":[{"data":"Sweeping Beam","floor":7,"key":"SMITH"},{"floor":12,"key":"REST"},{"data":"Conserve Battery","floor":15,"key":"SMITH"},{"data":"Sunder","floor":23,"key":"SMITH"},{"floor":29,"key":"REST"},{"data":"Biased Cognition","floor":32,"key":"SMITH"},{"floor":40,"key":"REST"},{"data":"Go for the Eyes","floor":45,"key":"SMITH"},{"data":"Seek","floor":47,"key":"SMITH"},{"data":"Go for the Eyes","floor":49,"key":"SMITH"}],"neow_cost":"NONE","seed_source_timestamp":1463550825116181,"circlet_count":0,"master_deck":["Strike_B","Strike_B","Strike_B","Defend_B+1","Defend_B","Defend_B","Defend_B+1","Zap+1","Dualcast","Rip and Tear","Ball Lightning","Sweeping Beam+1","Loop","Biased Cognition+1","Conserve Battery+1","Electrodynamics","Leap+1","Go for the Eyes+1","Capacitor","Sunder+1","Cold Snap","Undo","White Noise","Cold Snap+1","Madness","Madness","Leap+1","Go for the Eyes+1","Auto Shields","Core Surge","Double Energy+1","Parasite","Seek+1","Compile Driver+1"],"relics":["Cracked Core","NeowsBlessing","DataDisk","Anchor","War Paint","Sundial","Tiny House","Bird Faced Urn","Pocketwatch","Dodecahedron","Inserter","Ornamental Fan","Bag of Marbles","Strawberry"],"potions_floor_usage":[14,22,24,28,33,35,41,41,41,50],"damage_taken":[{"damage":0,"enemies":"Cultist","floor":1,"turns":1},{"damage":0,"enemies":"Small Slimes","floor":2,"turns":1},{"damage":0,"enemies":"Gremlin Nob","floor":6,"turns":1},{"damage":9,"enemies":"Jaw Worm","floor":8,"turns":3},{"damage":20,"enemies":"3 Sentries","floor":10,"turns":5},{"damage":0,"enemies":"Blue Slaver","floor":11,"turns":2},{"damage":3,"enemies":"Large Slime","floor":13,"turns":4},{"damage":16,"enemies":"Gremlin Nob","floor":14,"turns":3},{"damage":24,"enemies":"The Guardian","floor":16,"turns":10},{"damage":6,"enemies":"Shell Parasite","floor":18,"turns":5},{"damage":2,"enemies":"3 Byrds","floor":20,"turns":2},{"damage":6,"enemies":"Snake Plant","floor":22,"turns":3},{"damage":11,"enemies":"Slavers","floor":24,"turns":4},{"damage":7,"enemies":"Centurion and Healer","floor":25,"turns":5},{"damage":7,"enemies":"Shelled Parasite and Fungi","floor":28,"turns":4},{"damage":4,"enemies":"Cultist and Chosen","floor":30,"turns":5},{"damage":0,"enemies":"Snecko","floor":31,"turns":4},{"damage":18,"enemies":"Champ","floor":33,"turns":8},{"damage":44,"enemies":"3 Darklings","floor":35,"turns":5},{"damage":1,"enemies":"Orb Walker","floor":38,"turns":3},{"damage":41,"enemies":"Reptomancer","floor":41,"turns":9},{"damage":1,"enemies":"Spire Growth","floor":44,"turns":5},{"damage":13,"enemies":"Writhing Mass","floor":46,"turns":8},{"damage":0,"enemies":"Maw","floor":48,"turns":6},{"damage":73,"enemies":"Awakened One","floor":50,"turns":12}],"seed_played":"-452721501150753273","potions_obtained":[{"floor":2,"key":"Fire Potion"},{"floor":10,"key":"Energy Potion"},{"floor":13,"key":"PowerPotion"},{"floor":14,"key":"LiquidBronze"},{"floor":20,"key":"Weak Potion"},{"floor":24,"key":"Ancient Potion"},{"floor":25,"key":"SkillPotion"},{"floor":28,"key":"SteroidPotion"},{"floor":30,"key":"Regen Potion"},{"floor":33,"key":"SpeedPotion"},{"floor":35,"key":"Fire Potion"},{"floor":44,"key":"Strength Potion"}],"is_trial":false,"path_per_floor":["M","M","?","$","?","E","R","M","T","E","M","R","M","E","R","B",null,"M","?","M","$","M","R","E","M","T","?","M","R","M","M","R","B",null,"M","?","?","M","?","R","E","$","T","M","R","M","R","M","R","B"],"character_chosen":"DEFECT","items_purchased":["Sweeping Beam","Loop","Bird Faced Urn","Capacitor","Sunder","Core Surge"],"campfire_rested":3,"item_purchase_floors":[4,4,21,21,21,42],"current_hp_per_floor":[68,68,68,68,57,57,57,48,48,28,28,50,47,31,31,7,63,57,41,39,39,37,37,32,33,33,33,32,56,58,64,64,56,74,36,26,26,31,31,55,39,39,46,55,55,52,52,62,62,0],"gold":89,"neow_bonus":"THREE_ENEMY_KILL","is_prod":false,"is_daily":false,"chose_seed":false,"campfire_upgraded":7,"win_rate":0,"timestamp":1549245941,"path_taken":["M","M","?","$","?","E","R","M","T","E","M","R","M","E","R","BOSS","M","?","M","$","?","R","E","M","T","?","M","R","M","M","R","BOSS","M","?","?","?","?","R","E","$","T","M","R","M","R","M","R","BOSS"],"build_version":"2019-01-23","purchased_purges":1,"victory":false,"max_hp_per_floor":[75,75,75,75,75,75,75,75,75,75,75,75,75,75,75,75,80,80,80,80,80,80,80,80,80,80,80,80,80,80,80,80,80,80,80,80,80,80,80,80,80,80,87,87,87,87,87,87,87,87],"card_choices":[{"not_picked":["Cold Snap","Doom and Gloom"],"picked":"Rip and Tear","floor":1},{"not_picked":["Hologram","Gash"],"picked":"Ball Lightning","floor":2},{"not_picked":["Rebound","Recycle","Redo"],"picked":"SKIP","floor":6},{"not_picked":["Static Discharge","Sweeping Beam","All For One"],"picked":"SKIP","floor":8},{"not_picked":["Ball Lightning","Rip and Tear"],"picked":"Biased Cognition","floor":10},{"not_picked":["Beam Cell","Rip and Tear","Loop"],"picked":"SKIP","floor":11},{"not_picked":["BootSequence","Rip and Tear"],"picked":"Conserve Battery","floor":13},{"not_picked":["Sweeping Beam","Loop","Rip and Tear"],"picked":"SKIP","floor":14},{"not_picked":["Machine Learning","Fission"],"picked":"Electrodynamics","floor":16},{"not_picked":["Scrape","Compile Driver"],"picked":"Leap+1","floor":18},{"not_picked":["Redo+1","Ball Lightning+1"],"picked":"Go for the Eyes","floor":20},{"not_picked":["Thunder Strike","Sweeping Beam"],"picked":"Cold Snap","floor":22},{"not_picked":["Conserve Battery","Stack"],"picked":"Undo","floor":24},{"not_picked":["FTL","Ball Lightning","Blizzard"],"picked":"SKIP","floor":25},{"not_picked":["Rebound","Stack","Gash"],"picked":"SKIP","floor":28},{"not_picked":["Leap","Go for the Eyes+1"],"picked":"White Noise","floor":30},{"not_picked":["Compile Driver","Melter+1","Turbo"],"picked":"SKIP","floor":31},{"not_picked":["Storm+1","Stack+1"],"picked":"Cold Snap+1","floor":35},{"not_picked":["Storm+1","Beam Cell+1"],"picked":"Leap+1","floor":38},{"not_picked":["Scrape","Fusion+1"],"picked":"Auto Shields","floor":41},{"not_picked":["Barrage+1","Stack+1"],"picked":"Double Energy+1","floor":44},{"not_picked":["Leap+1","Rip and Tear+1"],"picked":"Seek","floor":46},{"not_picked":["Steam","Turbo+1"],"picked":"Compile Driver+1","floor":48}],"player_experience":311904,"relics_obtained":[{"floor":6,"key":"DataDisk"},{"floor":9,"key":"Anchor"},{"floor":10,"key":"War Paint"},{"floor":14,"key":"Sundial"},{"floor":24,"key":"Pocketwatch"},{"floor":26,"key":"Dodecahedron"},{"floor":41,"key":"Bag of Marbles"},{"floor":43,"key":"Strawberry"}],"event_choices":[{"damage_healed":0,"gold_gain":0,"player_choice":"Ignored","damage_taken":0,"max_hp_gain":0,"max_hp_loss":0,"event_name":"Golden Wing","floor":3,"gold_loss":0},{"damage_healed":0,"gold_gain":75,"player_choice":"Gather Gold","damage_taken":11,"max_hp_gain":0,"max_hp_loss":0,"event_name":"World of Goop","floor":5,"gold_loss":0},{"damage_healed":0,"gold_gain":90,"player_choice":"GOLD ","damage_taken":16,"max_hp_gain":0,"max_hp_loss":0,"event_name":"Knowing Skull","floor":19,"potions_obtained":[],"gold_loss":0,"cards_obtained":[]},{"damage_healed":0,"gold_gain":0,"player_choice":"Ignored","damage_taken":0,"max_hp_gain":0,"max_hp_loss":0,"event_name":"The Mausoleum","floor":27,"gold_loss":0},{"damage_healed":0,"gold_gain":0,"player_choice":"Embrace Madness","damage_taken":10,"max_hp_gain":0,"max_hp_loss":0,"event_name":"Winding Halls","floor":36,"gold_loss":0,"cards_obtained":["Madness","Madness"]},{"damage_healed":0,"gold_gain":0,"player_choice":"Paid Gold","damage_taken":0,"relics_obtained":["Ornamental Fan"],"max_hp_gain":0,"max_hp_loss":0,"event_name":"WeMeetAgain","floor":37,"gold_loss":78},{"damage_healed":0,"gold_gain":0,"player_choice":"Copied","damage_taken":0,"max_hp_gain":0,"max_hp_loss":0,"event_name":"Duplicator","floor":39,"gold_loss":0,"cards_obtained":["Go for the Eyes"]}],"is_beta":false,"boss_relics":[{"not_picked":["Snecko Eye","Philosopher\u0027s Stone"],"picked":"Tiny House"},{"not_picked":["Pandora\u0027s Box","Sozu"],"picked":"Inserter"}],"items_purged_floors":[42],"is_endless":false,"potions_floor_spawned":[2,10,13,14,20,24,25,28,30,33,35,38,44],"killed_by":"Awakened One","ascension_level":7}