{"gold_per_floor":[15,26,41,41,59,115,135,60,83,83,98,98,178,197,197,300,300,320,335,347,360,376,376,401,435,488,488,501,515,515,515,515,515],"floor_reached":33,"playtime":2047,"items_purged":["Strike_R"],"score":287,"play_id":"34132c0b-ce8e-41ff-8745-032c3465defc","local_time":"20190207011256","is_ascension_mode":true,"campfire_choices":[{"floor":15,"key":"REST"},{"floor":23,"key":"REST"},{"floor":27,"key":"REST"},{"data":"Blood for Blood","floor":30,"key":"SMITH"},{"data":"Heavy Blade","floor":32,"key":"SMITH"}],"neow_cost":"NO_GOLD","seed_source_timestamp":132631055591565,"circlet_count":0,"master_deck":["Strike_R","Strike_R","Strike_R+1","Defend_R","Defend_R","Defend_R+1","Defend_R","Bash+1","Shrug It Off+1","Rupture","Pummel","Shrug It Off","Inflame","Armaments","Blood for Blood+1","Double Tap","Armaments+1","Heavy Blade+1","Thunderclap","Bloodletting","Headbutt","Rupture+1","Clumsy","Intimidate","Regret"],"relics":["Burning Blood","Magic Flower","Tiny Chest","War Paint","Anchor","Mummified Hand","Cursed Key","Red Mask","Bag of Marbles","Dream Catcher","Frozen Egg 2"],"potions_floor_usage":[7,11,16,19,24,25,28],"damage_taken":[{"damage":2,"enemies":"Small Slimes","floor":1,"turns":5},{"damage":5,"enemies":"Cultist","floor":2,"turns":4},{"damage":7,"enemies":"2 Louse","floor":3,"turns":3},{"damage":7,"enemies":"Looter","floor":5,"turns":4},{"damage":60,"enemies":"3 Sentries","floor":6,"turns":15},{"damage":2,"enemies":"Blue Slaver","floor":7,"turns":5},{"damage":0,"enemies":"Gremlin Gang","floor":11,"turns":4},{"damage":0,"enemies":"2 Fungi Beasts","floor":14,"turns":4},{"damage":37,"enemies":"The Guardian","floor":16,"turns":17},{"damage":5,"enemies":"Spheric Guardian","floor":18,"turns":4},{"damage":13,"enemies":"Shell Parasite","floor":19,"turns":4},{"damage":36,"enemies":"Cultist and Chosen","floor":20,"turns":7},{"damage":3,"enemies":"Centurion and Healer","floor":21,"turns":9},{"damage":12,"enemies":"Snecko","floor":22,"turns":6},{"damage":15,"enemies":"Masked Bandits","floor":24,"turns":4},{"damage":47,"enemies":"Book of Stabbing","floor":25,"turns":6},{"damage":16,"enemies":"Snake Plant","floor":28,"turns":3},{"damage":3,"enemies":"Centurion and Healer","floor":29,"turns":6},{"damage":85,"enemies":"Collector","floor":33,"turns":6}],"seed_played":"2594704081896338351","potions_obtained":[{"floor":5,"key":"PowerPotion"},{"floor":6,"key":"Explosive Potion"},{"floor":11,"key":"SkillPotion"},{"floor":14,"key":"FearPotion"},{"floor":20,"key":"Fire Potion"},{"floor":24,"key":"Strength Potion"},{"floor":25,"key":"BloodPotion"}],"is_trial":false,"path_per_floor":["M","M","M","?","M","E","M","$","T","?","M","?","T","M","R","B",null,"M","M","M","M","M","R","?","E","T","R","M","M","R","T","R","B"],"character_chosen":"IRONCLAD","items_purchased":[],"campfire_rested":3,"item_purchase_floors":[],"current_hp_per_floor":[80,80,80,80,80,29,36,36,36,20,29,26,26,35,59,31,80,80,76,49,55,52,76,70,32,32,56,61,67,67,67,67,0],"gold":515,"neow_bonus":"ONE_RARE_RELIC","is_prod":false,"is_daily":false,"chose_seed":false,"campfire_upgraded":2,"win_rate":0,"timestamp":1549519976,"path_taken":["M","M","M","?","?","E","?","$","T","?","M","?","?","M","R","BOSS","M","M","M","M","M","R","?","E","T","R","M","M","R","?","R","BOSS"],"build_version":"2019-01-23","purchased_purges":1,"victory":false,"max_hp_per_floor":[80,80,80,80,80,80,80,80,80,80,80,80,80,80,80,80,80,80,80,80,80,80,80,80,80,80,80,80,80,80,80,80,80],"card_choices":[{"not_picked":["Iron Wave","Corruption"],"picked":"Shrug It Off","floor":1},{"not_picked":["Fire Breathing","Corruption"],"picked":"Rupture","floor":2},{"not_picked":["Clothesline","Burning Pact"],"picked":"Pummel","floor":3},{"not_picked":["Wild Strike","Havoc"],"picked":"Shrug It Off","floor":5},{"not_picked":["Body Slam","Carnage"],"picked":"Inflame","floor":6},{"not_picked":["Iron Wave","Warcry"],"picked":"Armaments","floor":7},{"not_picked":["Perfected Strike","Body Slam","Rampage"],"picked":"SKIP","floor":11},{"not_picked":["Armaments","Inflame"],"picked":"Blood for Blood","floor":14},{"not_picked":["Impervious","Feed"],"picked":"Double Tap","floor":16},{"not_picked":["Cleave+1","Twin Strike"],"picked":"Armaments+1","floor":18},{"not_picked":["Sword Boomerang","Pommel Strike"],"picked":"Heavy Blade","floor":19},{"not_picked":["Sword Boomerang","Seeing Red"],"picked":"Thunderclap","floor":20},{"not_picked":["True Grit","Second Wind","Barricade"],"picked":"SKIP","floor":21},{"not_picked":["Flame Barrier+1","Cleave"],"picked":"Bloodletting","floor":22},{"not_picked":["Cleave","Power Through"],"picked":"Headbutt","floor":24},{"not_picked":["Perfected Strike","Shrug It Off+1"],"picked":"Rupture+1","floor":25},{"not_picked":["Infernal Blade","Burning Pact"],"picked":"Intimidate","floor":28},{"not_picked":["Sever Soul","Iron Wave","Anger"],"picked":"SKIP","floor":29}],"player_experience":103945,"relics_obtained":[{"floor":6,"key":"Tiny Chest"},{"floor":9,"key":"War Paint"},{"floor":13,"key":"Mummified Hand"},{"floor":24,"key":"Red Mask"},{"floor":25,"key":"Bag of Marbles"},{"floor":26,"key":"Dream Catcher"},{"floor":31,"key":"Frozen Egg 2"}],"event_choices":[{"cards_removed":["Strike_R"],"damage_healed":0,"gold_gain":0,"player_choice":"Card Removal","damage_taken":0,"max_hp_gain":0,"max_hp_loss":0,"event_name":"Wheel of Change","floor":4,"gold_loss":0},{"damage_healed":0,"gold_gain":0,"player_choice":"Entered Light","damage_taken":16,"max_hp_gain":0,"max_hp_loss":0,"event_name":"Shining Light","floor":10,"gold_loss":0,"cards_upgraded":["Bash","Strike_R"]},{"damage_healed":0,"gold_gain":0,"player_choice":"Success","damage_taken":3,"relics_obtained":["Anchor"],"max_hp_gain":0,"max_hp_loss":0,"event_name":"Scrap Ooze","floor":12,"gold_loss":0},{"damage_healed":0,"gold_gain":0,"player_choice":"Fought Bandits","damage_taken":0,"max_hp_gain":0,"max_hp_loss":0,"event_name":"Masked Bandits","floor":24,"gold_loss":0}],"is_beta":false,"boss_relics":[{"not_picked":["Busted Crown","Pandora\u0027s Box"],"picked":"Cursed Key"}],"items_purged_floors":[8],"is_endless":false,"potions_floor_spawned":[5,6,11,14,20,24,25],"killed_by":"Collector","ascension_level":1}