{"gold_per_floor":[115,115,65,140,151,184,184,218,241,261,261,295,295,359,359,359],"floor_reached":16,"playtime":2303,"items_purged":[],"score":226,"play_id":"b276d75f-c165-434f-a6ad-0df9fe5d9dd6","local_time":"20181109144908","is_ascension_mode":true,"campfire_choices":[{"floor":7,"key":"REST"},{"floor":11,"key":"REST"},{"floor":13,"key":"REST"},{"floor":15,"key":"REST"}],"neow_cost":"NONE","seed_source_timestamp":318170803097190,"circlet_count":0,"master_deck":["AscendersBane","Defend_G","Defend_G","Defend_G","Defend_G","Defend_G","Strike_G","Strike_G","Strike_G","Strike_G","Survivor","Neutralize","Backflip","Leg Sweep","Adrenaline","Die Die Die","Backflip","After Image","Dagger Throw"],"relics":["Ring of the Snake","NeowsBlessing","Ancient Tea Set","Bronze Scales","Sundial","Anchor","Happy Flower","Bag of Marbles"],"potions_floor_usage":[12,14,16],"damage_taken":[{"damage":0,"enemies":"Small Slimes","floor":1,"turns":1},{"damage":0,"enemies":"Jaw Worm","floor":5,"turns":1},{"damage":0,"enemies":"Gremlin Nob","floor":6,"turns":1},{"damage":30,"enemies":"3 Sentries","floor":8,"turns":13},{"damage":0,"enemies":"Cultist","floor":10,"turns":4},{"damage":36,"enemies":"Lagavulin","floor":12,"turns":9},{"damage":15,"enemies":"Lagavulin Event","floor":14,"turns":11},{"damage":37,"enemies":"Slime Boss","floor":16,"turns":11}],"seed_played":"-6581288297327763898","potions_obtained":[{"floor":5,"key":"Fire Potion"},{"floor":6,"key":"Block Potion"},{"floor":12,"key":"EssenceOfSteel"}],"is_trial":false,"path_per_floor":["M","?","?","?","M","E","R","E","T","M","R","E","R","?","R","B"],"character_chosen":"THE_SILENT","items_purchased":[],"campfire_rested":4,"item_purchase_floors":[],"current_hp_per_floor":[63,45,45,34,34,34,55,25,25,25,46,10,31,16,37,0],"gold":359,"neow_bonus":"THREE_ENEMY_KILL","is_prod":false,"is_daily":false,"chose_seed":false,"campfire_upgraded":0,"win_rate":0,"timestamp":1541792948,"path_taken":["M","?","?","?","?","E","R","E","T","M","R","E","R","?","R","BOSS"],"build_version":"2018-11-08","purchased_purges":0,"victory":false,"max_hp_per_floor":[70,70,70,70,70,70,70,70,70,70,70,70,70,70,70,70],"card_choices":[{"not_picked":["All Out Attack","Tactician"],"picked":"Backflip","floor":1},{"not_picked":["Backflip","Calculated Gamble"],"picked":"Leg Sweep","floor":5},{"not_picked":["Calculated Gamble","Eviscerate"],"picked":"Adrenaline","floor":6},{"not_picked":["Doppelganger","Underhanded Strike"],"picked":"Die Die Die","floor":8},{"not_picked":["Distraction","Bouncing Flask"],"picked":"Backflip","floor":10},{"not_picked":["Underhanded Strike","Prepared"],"picked":"After Image","floor":12},{"not_picked":["Prepared","Leg Sweep"],"picked":"Dagger Throw","floor":14}],"player_experience":735661,"relics_obtained":[{"floor":6,"key":"Bronze Scales"},{"floor":8,"key":"Sundial"},{"floor":9,"key":"Anchor"},{"floor":12,"key":"Happy Flower"},{"floor":14,"key":"Bag of Marbles"}],"event_choices":[{"damage_healed":0,"gold_gain":0,"player_choice":"Success","damage_taken":18,"relics_obtained":["Ancient Tea Set"],"max_hp_gain":0,"max_hp_loss":0,"event_name":"Scrap Ooze","floor":2,"gold_loss":0},{"cards_removed":["Strike_G"],"damage_healed":0,"gold_gain":0,"player_choice":"Card Removal","damage_taken":0,"max_hp_gain":0,"max_hp_loss":0,"event_name":"The Cleric","floor":3,"gold_loss":50},{"damage_healed":0,"gold_gain":75,"player_choice":"Gather Gold","damage_taken":11,"max_hp_gain":0,"max_hp_loss":0,"event_name":"World of Goop","floor":4,"gold_loss":0},{"damage_healed":0,"gold_gain":0,"player_choice":"Searched \u00271\u0027 times","damage_taken":0,"max_hp_gain":0,"max_hp_loss":0,"event_name":"Dead Adventurer","floor":14,"gold_loss":0}],"is_beta":false,"boss_relics":[],"items_purged_floors":[],"is_endless":false,"potions_floor_spawned":[5,6,10,12],"killed_by":"Slime Boss","ascension_level":12}