{"gold_per_floor":[109,126,141,141,158,158,170,75,99,125,145,125,135,161,173,285,297,323,323,335],"floor_reached":20,"playtime":1099,"items_purged":["Strike_B"],"score":301,"play_id":"84176d4f-e890-4576-96a0-a27a3215891d","local_time":"20190211214128","is_ascension_mode":true,"campfire_choices":[{"data":"Zap","floor":6,"key":"SMITH"},{"floor":15,"key":"REST"}],"neow_cost":"NONE","seed_source_timestamp":355817285330592,"circlet_count":0,"master_deck":["AscendersBane","Strike_B","Strike_B","Strike_B","Defend_B","Defend_B","Defend_B","Defend_B","Zap+1","Dualcast","Finesse","Rebound","Compile Driver","Doom and Gloom","Hologram","Cold Snap","Hologram","Reinforced Body","Leap","Hologram","Conserve Battery","Reboot","BootSequence","Chill"],"relics":["Cracked Core","Smiling Mask","Art of War","PreservedInsect","MawBank","Coffee Dripper"],"potions_floor_usage":[10,10,14,16],"damage_taken":[{"damage":4,"enemies":"Cultist","floor":1,"turns":3},{"damage":0,"enemies":"Small Slimes","floor":2,"turns":2},{"damage":2,"enemies":"Jaw Worm","floor":3,"turns":3},{"damage":13,"enemies":"Looter","floor":5,"turns":3},{"damage":4,"enemies":"2 Fungi Beasts","floor":7,"turns":2},{"damage":9,"enemies":"3 Sentries","floor":10,"turns":4},{"damage":6,"enemies":"Gremlin Gang","floor":11,"turns":3},{"damage":15,"enemies":"Exordium Wildlife","floor":13,"turns":4},{"damage":4,"enemies":"Gremlin Nob","floor":14,"turns":4},{"damage":10,"enemies":"The Guardian","floor":16,"turns":14},{"damage":12,"enemies":"3 Byrds","floor":18,"turns":4},{"damage":21,"enemies":"2 Thieves","floor":19,"turns":4},{"damage":34,"enemies":"Snake Plant","floor":20,"turns":6}],"seed_played":"-7359173346639940798","potions_obtained":[{"floor":1,"key":"FocusPotion"},{"floor":2,"key":"Explosive Potion"},{"floor":12,"key":"Weak Potion"},{"floor":14,"key":"Explosive Potion"},{"floor":16,"key":"SteroidPotion"}],"is_trial":false,"path_per_floor":["M","M","M","T","M","R","M","$","T","E","M","?","M","E","R","B",null,"M","M","M"],"character_chosen":"DEFECT","items_purchased":["Hologram"],"campfire_rested":1,"item_purchase_floors":[8],"current_hp_per_floor":[64,64,62,62,49,49,45,45,45,36,30,30,15,11,33,23,62,50,29,0],"gold":335,"neow_bonus":"RANDOM_COLORLESS","is_prod":false,"is_daily":false,"chose_seed":false,"campfire_upgraded":1,"win_rate":0,"timestamp":1549950088,"path_taken":["M","M","M","?","M","R","M","$","T","E","M","?","M","E","R","BOSS","M","M","?"],"build_version":"2019-01-23","purchased_purges":1,"victory":false,"max_hp_per_floor":[75,75,75,75,75,75,75,75,75,75,75,75,75,75,75,75,75,75,75,75],"card_choices":[{"not_picked":["Recycle","Fusion"],"picked":"Rebound","floor":1},{"not_picked":["Doom and Gloom","Stack"],"picked":"Compile Driver","floor":2},{"not_picked":["Force Field","Turbo"],"picked":"Doom and Gloom","floor":3},{"not_picked":["Reinforced Body","Streamline"],"picked":"Hologram","floor":5},{"not_picked":["Genetic Algorithm","Hello World"],"picked":"Cold Snap","floor":7},{"not_picked":["Recycle","Double Energy"],"picked":"Reinforced Body","floor":10},{"not_picked":["Skim","Barrage"],"picked":"Leap","floor":11},{"not_picked":["Barrage","Chaos"],"picked":"Hologram","floor":13},{"not_picked":["Turbo","Static Discharge"],"picked":"Conserve Battery","floor":14},{"not_picked":["Fission","Rainbow"],"picked":"Reboot","floor":16},{"not_picked":["Redo","Turbo"],"picked":"BootSequence","floor":18},{"not_picked":["Streamline","Reprogram"],"picked":"Chill","floor":19}],"player_experience":318228,"relics_obtained":[{"floor":4,"key":"Smiling Mask"},{"floor":9,"key":"Art of War"},{"floor":10,"key":"PreservedInsect"},{"floor":14,"key":"MawBank"}],"event_choices":[{"damage_healed":0,"gold_gain":0,"player_choice":"Bought 1 Potion","damage_taken":0,"max_hp_gain":0,"max_hp_loss":0,"event_name":"The Woman in Blue","floor":12,"gold_loss":0}],"is_beta":false,"boss_relics":[{"not_picked":["Inserter","Cursed Key"],"picked":"Coffee Dripper"}],"items_purged_floors":[8],"is_endless":false,"potions_floor_spawned":[1,2,3,7,14,16],"killed_by":"Snake Plant","ascension_level":12}