{"gold_per_floor":[119,119,138,158,168,200,200,211,235,235,252,280,280,280,280,280],"floor_reached":16,"playtime":653,"items_purged":[],"score":207,"play_id":"d27303da-e846-40f8-8ad1-a77341e4c2eb","local_time":"20190131192203","is_ascension_mode":true,"campfire_choices":[{"floor":7,"key":"REST"},{"data":"Armaments","floor":10,"key":"SMITH"},{"floor":15,"key":"REST"}],"neow_cost":"NONE","seed_source_timestamp":437505912233144,"circlet_count":0,"master_deck":["AscendersBane","Strike_R","Strike_R","Strike_R","Strike_R","Defend_R","Defend_R","Defend_R","Defend_R","Bash","Seeing Red","Flame Barrier","Infernal Blade","Armaments+1","Shrug It Off","Power Through"],"relics":["Burning Blood","Potion Belt","NlothsMask","Calipers","Bag of Marbles"],"potions_floor_usage":[6,12,12,16],"damage_taken":[{"damage":24,"enemies":"Jaw Worm","floor":1,"turns":5},{"damage":6,"enemies":"Cultist","floor":3,"turns":3},{"damage":0,"enemies":"Small Slimes","floor":4,"turns":4},{"damage":13,"enemies":"2 Fungi Beasts","floor":5,"turns":4},{"damage":25,"enemies":"3 Sentries","floor":6,"turns":9},{"damage":7,"enemies":"Blue Slaver","floor":8,"turns":5},{"damage":12,"enemies":"Large Slime","floor":11,"turns":8},{"damage":34,"enemies":"Gremlin Nob","floor":12,"turns":5},{"damage":67,"enemies":"Slime Boss","floor":16,"turns":11}],"seed_played":"7129799314883284736","potions_obtained":[{"floor":3,"key":"SteroidPotion"},{"floor":4,"key":"LiquidBronze"},{"floor":5,"key":"Regen Potion"},{"floor":12,"key":"SpeedPotion"}],"is_trial":false,"path_per_floor":["M","?","M","M","M","E","R","M","T","R","M","E","?","?","R","B"],"character_chosen":"IRONCLAD","items_purchased":[],"campfire_rested":2,"item_purchase_floors":[],"current_hp_per_floor":[50,50,50,56,49,30,52,51,51,51,45,29,29,29,51,0],"gold":280,"neow_bonus":"RANDOM_COMMON_RELIC","is_prod":false,"is_daily":false,"chose_seed":false,"campfire_upgraded":1,"win_rate":0,"timestamp":1548980523,"path_taken":["M","?","M","M","M","E","R","M","T","R","?","E","?","?","R","BOSS"],"build_version":"2019-01-23","purchased_purges":0,"victory":false,"max_hp_per_floor":[75,75,75,75,75,75,75,75,75,75,75,75,75,75,75,75],"card_choices":[{"not_picked":["True Grit","Thunderclap"],"picked":"Seeing Red","floor":1},{"not_picked":["Clash","Shrug It Off"],"picked":"Flame Barrier","floor":3},{"not_picked":["Sentinel","Twin Strike","Heavy Blade"],"picked":"SKIP","floor":4},{"not_picked":["Thunderclap","Heavy Blade"],"picked":"Infernal Blade","floor":5},{"not_picked":["Cleave","Clash","Dark Embrace"],"picked":"SKIP","floor":6},{"not_picked":["Flex","Uppercut"],"picked":"Armaments","floor":8},{"not_picked":["Sword Boomerang","Armaments"],"picked":"Shrug It Off","floor":11},{"not_picked":["Brutality","Seeing Red"],"picked":"Power Through","floor":12}],"player_experience":959108,"relics_obtained":[{"floor":6,"key":"Calipers"},{"floor":12,"key":"Bag of Marbles"}],"event_choices":[{"damage_healed":0,"gold_gain":0,"player_choice":"Trade","damage_taken":0,"relics_obtained":["NlothsMask"],"max_hp_gain":0,"max_hp_loss":0,"event_name":"FaceTrader","floor":2,"gold_loss":0},{"cards_removed":["Strike_R"],"damage_healed":0,"gold_gain":0,"player_choice":"Forget","damage_taken":0,"max_hp_gain":0,"max_hp_loss":0,"event_name":"Living Wall","floor":13,"gold_loss":0},{"damage_healed":0,"gold_gain":0,"player_choice":"Ignored","damage_taken":0,"max_hp_gain":0,"max_hp_loss":0,"event_name":"Liars Game","floor":14,"gold_loss":0}],"is_beta":false,"boss_relics":[],"items_purged_floors":[],"is_endless":false,"potions_floor_spawned":[3,4,5,12],"killed_by":"Slime Boss","ascension_level":17}