{"gold_per_floor":[113,113,113,129,12,12,28,38,38,38,53,68,68,81,81,159,159,175,16,27,27,27,27,27],"floor_reached":24,"playtime":2267,"items_purged":["Strike_G","Defend_G"],"score":357,"play_id":"f41dfbe7-9a02-43a0-9bc8-ac2c8c223670","local_time":"20190207134041","is_ascension_mode":true,"campfire_choices":[{"floor":6.0,"key":"REST"},{"floor":10.0,"key":"REST"},{"data":"Footwork","floor":15,"key":"SMITH"},{"floor":23,"key":"REST"}],"neow_cost":"NONE","seed_source_timestamp":0,"circlet_count":0,"master_deck":["AscendersBane","Defend_G+1","Defend_G","Defend_G","Strike_G","Strike_G","Strike_G","Strike_G","Survivor","Neutralize+1","Venomology","Dagger Spray","Backstab","Caltrops","Escape Plan","Dodge and Roll","Backflip","Heel Hook","Footwork+1","Bullet Time","Well Laid Plans","PiercingWail"],"special_seed":0,"relics":["Ring of the Snake","Darkstone Periapt","Fusion Hammer"],"potions_floor_usage":[14,16,16,16,20,24,24,24,24],"damage_taken":[{"damage":9.0,"enemies":"Small Slimes","floor":1.0,"turns":5.0},{"damage":4.0,"enemies":"Jaw Worm","floor":4.0,"turns":4.0},{"damage":0.0,"enemies":"2 Louse","floor":7.0,"turns":2.0},{"damage":0.0,"enemies":"2 Fungi Beasts","floor":8.0,"turns":5.0},{"damage":14.0,"enemies":"Large Slime","floor":11.0,"turns":8.0},{"damage":0.0,"enemies":"Blue Slaver","floor":12.0,"turns":7.0},{"damage":1,"enemies":"Looter","floor":14,"turns":3},{"damage":58,"enemies":"Slime Boss","floor":16,"turns":13},{"damage":5,"enemies":"3 Byrds","floor":18,"turns":8},{"damage":19,"enemies":"Chosen","floor":20,"turns":9},{"damage":69,"enemies":"Slavers","floor":24,"turns":11}],"seed_played":"402877483340080232","potions_obtained":[{"floor":7.0,"key":"GhostInAJar"},{"floor":8.0,"key":"Regen Potion"},{"floor":16,"key":"FearPotion"},{"floor":18,"key":"PowerPotion"}],"is_trial":false,"path_per_floor":["M","?","?","M","$","R","M","M","T","R","M","M","?","M","R","B",null,"M","$","M","?","?","R","E"],"character_chosen":"THE_SILENT","items_purchased":["Caltrops","PiercingWail"],"campfire_rested":3,"item_purchase_floors":[5,19],"current_hp_per_floor":[50,30,23,19,19,38,38,38,38,57,43,58,63,62,62,4,54,49,49,45,45,45,66,0],"gold":27,"neow_bonus":"ONE_RANDOM_RARE_CARD","is_prod":false,"is_daily":false,"chose_seed":false,"campfire_upgraded":1,"win_rate":0,"timestamp":1549564841,"path_taken":["M","?","?","M","$","R","M","M","T","R","M","M","?","M","R","BOSS","M","$","M","?","?","R","E"],"build_version":"2019-01-23","purchased_purges":2,"victory":false,"max_hp_per_floor":[66,66,66,66,66,66,66,66,66,66,66,66,71,71,71,71,71,71,71,71,71,71,71,71],"card_choices":[{"not_picked":["Acrobatics","Flying Knee"],"picked":"Dagger Spray","floor":1.0},{"not_picked":["Bouncing Flask","Prepared"],"picked":"Backstab","floor":4.0},{"not_picked":["Expertise","Sucker Punch"],"picked":"Escape Plan","floor":7.0},{"not_picked":["Flying Knee","Underhanded Strike"],"picked":"Dodge and Roll","floor":8.0},{"not_picked":["Infinite Blades","Eviscerate"],"picked":"Backflip","floor":11.0},{"not_picked":["Outmaneuver","Dagger Spray"],"picked":"Heel Hook","floor":12.0},{"not_picked":["Bullet Time","Prepared"],"picked":"Footwork","floor":14},{"not_picked":["Die Die Die","Malaise"],"picked":"Bullet Time","floor":16},{"not_picked":["Accuracy","Slice"],"picked":"Well Laid Plans","floor":18},{"not_picked":["Finisher","Dagger Throw","Outmaneuver"],"picked":"SKIP","floor":20},{"not_picked":["Finisher","Dagger Throw","Outmaneuver"],"picked":"SKIP","floor":20},{"not_picked":["Finisher","Dagger Throw","Outmaneuver"],"picked":"SKIP","floor":20}],"player_experience":1027710,"relics_obtained":[{"floor":9.0,"key":"Darkstone Periapt"}],"event_choices":[{"damage_healed":0.0,"max_hp_gain":0.0,"max_hp_loss":0.0,"gold_gain":0.0,"event_name":"Shining Light","player_choice":"Entered Light","floor":2.0,"gold_loss":0.0,"damage_taken":20.0,"cards_upgraded":["Neutralize","Defend_G"]},{"cards_removed":["Defend_G"],"damage_healed":0.0,"max_hp_gain":0.0,"max_hp_loss":0.0,"gold_gain":0.0,"event_name":"Golden Wing","player_choice":"Card Removal","floor":3.0,"gold_loss":0.0,"damage_taken":7.0},{"damage_healed":0.0,"max_hp_gain":5.0,"max_hp_loss":0.0,"gold_gain":0.0,"event_name":"Big Fish","player_choice":"Donut","floor":13.0,"gold_loss":0.0,"damage_taken":0.0},{"damage_healed":0,"gold_gain":0,"player_choice":"Ignored","damage_taken":0,"max_hp_gain":0,"max_hp_loss":0,"event_name":"Vampires","floor":22,"gold_loss":0}],"is_beta":false,"boss_relics":[{"not_picked":["White Beast Statue","Velvet Choker"],"picked":"Fusion Hammer"}],"items_purged_floors":[5,19],"is_endless":false,"potions_floor_spawned":[7,8,12,14,16,18,20],"killed_by":"Slavers","ascension_level":18}