{"gold_per_floor":[116,128,128,128,128,171,187,157,157,157,192,192,227,242,242,362,362,385,1,20,20,20,20,59,84,130,163,163,183,183,206,206,334,334,359,359,383,716,730,730,762,762,762,781,836,319,319,335,335,335,335,335,24,59,59],"floor_reached":55,"playtime":3375,"items_purged":["Heatsinks+1","Consume","Recycle"],"score":803,"play_id":"a9dd1bd6-0875-4c20-9fd9-05177b69e67f","local_time":"20190120221629","is_ascension_mode":false,"campfire_choices":[{"data":"Zap","floor":10,"key":"SMITH"},{"data":"Sweeping Beam","floor":12,"key":"SMITH"},{"data":"Dualcast","floor":15,"key":"SMITH"},{"data":"Sunder","floor":23,"key":"SMITH"},{"data":"Hologram","floor":30,"key":"SMITH"},{"data":"Fission","floor":32,"key":"SMITH"},{"data":"Coolheaded","floor":40,"key":"SMITH"},{"data":"Amplify","floor":42,"key":"SMITH"},{"data":"Undo","floor":47,"key":"SMITH"},{"floor":49,"key":"RECALL"},{"data":"Coolheaded","floor":52,"key":"SMITH"}],"neow_cost":"NONE","seed_source_timestamp":267968247145118,"circlet_count":0,"master_deck":["Zap+1","Dualcast+1","Sweeping Beam+1","Ball Lightning","Self Repair","Buffer+1","Ball Lightning","Amplify+1","Compile Driver","Hologram+1","Fission+1","Streamline","Amplify","Static Discharge+1","Conserve Battery","Sunder+1","Steam","Conserve Battery","Storm+1","Biased Cognition+1","Coolheaded+1","Defragment+1","Undo+1","Skim","Cold Snap","Coolheaded+1","Hello World+1","Auto Shields"],"relics":["Cracked Core","NeowsBlessing","Singing Bowl","Darkstone Periapt","Gremlin Horn","Frozen Egg 2","PreservedInsect","Pandora\u0027s Box","Matryoshka","Happy Flower","Mummified Hand","FossilizedHelix","Juzu Bracelet","Meat on the Bone","Enchiridion","Nuclear Battery","Bottled Tornado","Vajra","Girya","Ancient Tea Set","Sundial","Art of War"],"potions_floor_usage":[11,13,13,18,27,41,55,55,55],"damage_taken":[{"damage":0,"enemies":"Small Slimes","floor":1,"turns":1},{"damage":0,"enemies":"Jaw Worm","floor":2,"turns":1},{"damage":0,"enemies":"Lagavulin","floor":6,"turns":1},{"damage":0,"enemies":"Cultist","floor":7,"turns":2},{"damage":28,"enemies":"Gremlin Nob","floor":11,"turns":4},{"damage":18,"enemies":"Lagavulin","floor":13,"turns":5},{"damage":0,"enemies":"Looter","floor":14,"turns":3},{"damage":25,"enemies":"Hexaghost","floor":16,"turns":8},{"damage":20,"enemies":"2 Thieves","floor":18,"turns":3},{"damage":3,"enemies":"Spheric Guardian","floor":20,"turns":4},{"damage":5,"enemies":"Book of Stabbing","floor":24,"turns":4},{"damage":22,"enemies":"Snake Plant","floor":25,"turns":3},{"damage":0,"enemies":"Gremlin Leader","floor":27,"turns":4},{"damage":13,"enemies":"Chosen and Byrds","floor":29,"turns":4},{"damage":0,"enemies":"Cultist and Chosen","floor":31,"turns":3},{"damage":25,"enemies":"Collector","floor":33,"turns":8},{"damage":0,"enemies":"3 Shapes","floor":35,"turns":2},{"damage":0,"enemies":"3 Darklings","floor":37,"turns":3},{"damage":0,"enemies":"Writhing Mass","floor":39,"turns":2},{"damage":0,"enemies":"Reptomancer","floor":41,"turns":4},{"damage":0,"enemies":"Transient","floor":44,"turns":5},{"damage":18,"enemies":"2 Orb Walkers","floor":45,"turns":3},{"damage":0,"enemies":"Maw","floor":48,"turns":5},{"damage":63,"enemies":"Time Eater","floor":50,"turns":9},{"damage":5,"enemies":"Shield and Spear","floor":54,"turns":2},{"damage":86,"enemies":"The Heart","floor":55,"turns":5}],"seed_played":"-8658252637344115012","potions_obtained":[{"floor":6,"key":"SpeedPotion"},{"floor":8,"key":"Regen Potion"},{"floor":8,"key":"SkillPotion"},{"floor":11,"key":"Regen Potion"},{"floor":14,"key":"Regen Potion"},{"floor":16,"key":"Swift Potion"},{"floor":18,"key":"FearPotion"},{"floor":25,"key":"Poison Potion"},{"floor":27,"key":"Fire Potion"},{"floor":33,"key":"Regen Potion"},{"floor":41,"key":"PowerPotion"},{"floor":54,"key":"EssenceOfSteel"}],"is_trial":false,"path_per_floor":["M","M","?","?","?","E","M","?","T","R","E","R","E","M","R","B",null,"M","$","M","?","T","R","E","M","T","E","?","M","R","M","R","B",null,"M","?","M","?","M","R","E","R","T","M","?","$","R","M","R","B",null,"R","$","E","B"],"character_chosen":"DEFECT","items_purchased":["Conserve Battery","Matryoshka","Ancient Tea Set","Sundial","Cold Snap","Hello World+1","Auto Shields","FocusPotion"],"campfire_rested":0,"item_purchase_floors":[19,19,46,46,46,53,53,53],"current_hp_per_floor":[75,75,75,57,50,50,52,52,52,52,31,31,22,29,29,4,79,73,73,79,79,79,79,79,64,64,66,50,63,63,79,79,54,83,83,83,85,85,87,87,87,87,87,87,83,83,83,87,87,36,87,87,87,84,0],"gold":59,"neow_bonus":"THREE_ENEMY_KILL","is_prod":false,"is_daily":false,"chose_seed":false,"campfire_upgraded":10,"win_rate":0,"timestamp":1548051389,"path_taken":["M","M","?","?","?","E","M","?","T","R","E","R","E","M","R","BOSS","M","$","?","?","?","R","E","M","T","E","?","M","R","M","R","BOSS","M","?","M","?","M","R","E","R","T","M","?","$","R","M","R","BOSS","R","$","E","BOSS"],"build_version":"2019-01-17v2","purchased_purges":3,"victory":false,"max_hp_per_floor":[75,75,75,75,75,75,77,77,77,77,77,77,79,79,79,79,79,79,79,79,79,79,79,79,79,79,81,81,81,81,83,83,83,83,83,83,85,85,87,87,87,87,87,87,87,87,87,87,87,87,87,87,87,89,89],"card_choices":[{"not_picked":["Stack","Conserve Battery"],"picked":"Sweeping Beam","floor":1},{"not_picked":["Sweeping Beam","Streamline"],"picked":"Ball Lightning","floor":2},{"not_picked":["Glacier","Lockon"],"picked":"Self Repair","floor":6},{"not_picked":["Double Energy","Gash","Hello World"],"picked":"Singing Bowl","floor":7},{"not_picked":["Rebound","Doom and Gloom"],"picked":"Buffer","floor":11},{"not_picked":["Double Energy","Doom and Gloom","Steam"],"picked":"Singing Bowl","floor":13},{"not_picked":["Redo","Self Repair+1"],"picked":"Ball Lightning","floor":14},{"not_picked":["Rainbow","Hyperbeam"],"picked":"Amplify","floor":16},{"not_picked":["Hologram+1","Blizzard+1"],"picked":"Static Discharge+1","floor":18},{"not_picked":["Consume","Redo+1"],"picked":"Sunder","floor":20},{"not_picked":["Sweeping Beam","Ball Lightning"],"picked":"Steam","floor":24},{"not_picked":["White Noise","Rebound"],"picked":"Conserve Battery","floor":25},{"not_picked":["Sweeping Beam","Ball Lightning","Buffer+1"],"picked":"Singing Bowl","floor":27},{"not_picked":["Turbo","Double Energy"],"picked":"Storm+1","floor":29},{"not_picked":["Steam","Lockon","Storm+1"],"picked":"Singing Bowl","floor":31},{"not_picked":["Rainbow","Multi-Cast"],"picked":"Biased Cognition+1","floor":33},{"not_picked":["Gash+1","Stack"],"picked":"Coolheaded","floor":35},{"not_picked":["Tempest","Streamline+1","FTL+1"],"picked":"Singing Bowl","floor":37},{"not_picked":["Self Repair+1","Barrage+1","Redo"],"picked":"Singing Bowl","floor":39},{"not_picked":["Rebound","Steam"],"picked":"Defragment+1","floor":41},{"not_picked":["Chill+1","Doom and Gloom+1"],"picked":"Undo","floor":44},{"not_picked":["Chaos+1","Lockon+1"],"picked":"Skim","floor":45},{"not_picked":["Cold Snap+1","Sweeping Beam"],"picked":"Coolheaded","floor":48},{"not_picked":["Redo+1","Double Energy+1","Hologram"],"picked":"Singing Bowl","floor":54}],"player_experience":236099,"relics_obtained":[{"floor":6,"key":"Darkstone Periapt"},{"floor":9,"key":"Gremlin Horn"},{"floor":11,"key":"Frozen Egg 2"},{"floor":13,"key":"PreservedInsect"},{"floor":22,"key":"Happy Flower"},{"floor":22,"key":"Mummified Hand"},{"floor":24,"key":"FossilizedHelix"},{"floor":26,"key":"Juzu Bracelet"},{"floor":27,"key":"Meat on the Bone"},{"floor":28,"key":"Enchiridion"},{"floor":41,"key":"Bottled Tornado"},{"floor":43,"key":"Vajra"},{"floor":45,"key":"Girya"},{"floor":54,"key":"Art of War"}],"event_choices":[{"damage_healed":0,"gold_gain":0,"player_choice":"Leave","damage_taken":0,"max_hp_gain":0,"max_hp_loss":0,"event_name":"The Cleric","floor":3,"gold_loss":0},{"damage_healed":0,"gold_gain":0,"player_choice":"Take Damage","damage_taken":18,"relics_obtained":["Golden Idol"],"max_hp_gain":0,"max_hp_loss":0,"event_name":"Golden Idol","floor":4,"gold_loss":0},{"damage_healed":0,"gold_gain":0,"player_choice":"Success","damage_taken":7,"relics_obtained":["Singing Bowl"],"max_hp_gain":0,"max_hp_loss":0,"event_name":"Scrap Ooze","floor":5,"gold_loss":0},{"damage_healed":0,"gold_gain":0,"player_choice":"Bought 2 Potions","damage_taken":0,"max_hp_gain":0,"max_hp_loss":0,"event_name":"The Woman in Blue","floor":8,"gold_loss":0},{"damage_healed":0,"gold_gain":0,"player_choice":"Ignored","damage_taken":0,"max_hp_gain":0,"max_hp_loss":0,"event_name":"The Mausoleum","floor":21,"gold_loss":0},{"damage_healed":0,"gold_gain":0,"player_choice":"Obtained Book","damage_taken":16,"max_hp_gain":0,"max_hp_loss":0,"event_name":"Cursed Tome","floor":28,"gold_loss":0},{"damage_healed":0,"gold_gain":0,"player_choice":"Ignored","damage_taken":0,"max_hp_gain":0,"max_hp_loss":0,"event_name":"Tomb of Lord Red Mask","floor":36,"gold_loss":0},{"damage_healed":0,"gold_gain":333,"player_choice":"Gave Idol","damage_taken":0,"max_hp_gain":0,"max_hp_loss":0,"event_name":"The Moai Head","floor":38,"relics_lost":["Golden Idol"],"gold_loss":0},{"damage_healed":0,"gold_gain":0,"player_choice":"Fight","damage_taken":0,"max_hp_gain":0,"max_hp_loss":0,"event_name":"Mysterious Sphere","floor":45,"gold_loss":0}],"is_beta":false,"boss_relics":[{"not_picked":["Fusion Hammer","Sozu"],"picked":"Pandora\u0027s Box"},{"not_picked":["Snecko Eye","Lizard Tail"],"picked":"Nuclear Battery"}],"items_purged_floors":[19,46,53],"is_endless":false,"potions_floor_spawned":[6,11,14,16,18,25,27,33,37,41,54],"killed_by":"The Heart","ascension_level":0}