{"gold_per_floor":[111,122,138,138,156,185,185,216,216,216,245,263,273,273,273,351,351,368,368,217,235,254,254,265,265,343,369,388,388],"floor_reached":29,"playtime":2384,"items_purged":["Strike_B"],"score":534,"play_id":"6924ccab-0ee8-43b8-85ac-d8752a78693f","local_time":"20190202185657","is_ascension_mode":true,"campfire_choices":[{"data":"Zap","floor":7,"key":"SMITH"},{"floor":10,"key":"REST"},{"data":"Hologram","floor":15,"key":"SMITH"},{"data":"Self Repair","floor":23,"key":"SMITH"},{"data":"Coolheaded","floor":25,"key":"SMITH"}],"neow_cost":"NONE","seed_source_timestamp":1369715540598860,"circlet_count":0,"master_deck":["AscendersBane","Strike_B","Strike_B","Defend_B","Defend_B","Defend_B","Defend_B","Zap+1","Dualcast","Rebound","Ball Lightning","Coolheaded","Cold Snap","Glacier","Genetic Algorithm","Echo Form","Ball Lightning","Hologram+1","Electrodynamics","Compile Driver","Machine Learning","Self Repair+1","Coolheaded+1","Rainbow","Blizzard+1","Coolheaded"],"relics":["Cracked Core","Vajra","Bag of Preparation","Gremlin Horn","Question Card","Inserter","Bottled Tornado","Boot"],"potions_floor_usage":[6,16,22,27],"damage_taken":[{"damage":0,"enemies":"Small Slimes","floor":1,"turns":2},{"damage":1,"enemies":"Cultist","floor":2,"turns":3},{"damage":3,"enemies":"2 Louse","floor":3,"turns":3},{"damage":0,"enemies":"Exordium Wildlife","floor":5,"turns":2},{"damage":16,"enemies":"Gremlin Nob","floor":6,"turns":4},{"damage":15,"enemies":"3 Sentries","floor":8,"turns":9},{"damage":1,"enemies":"Lagavulin","floor":11,"turns":7},{"damage":14,"enemies":"Lots of Slimes","floor":12,"turns":3},{"damage":8,"enemies":"3 Louse","floor":13,"turns":3},{"damage":3,"enemies":"Slime Boss","floor":16,"turns":8},{"damage":13,"enemies":"Shell Parasite","floor":18,"turns":11},{"damage":8,"enemies":"Spheric Guardian","floor":21,"turns":7},{"damage":23,"enemies":"Chosen and Byrds","floor":22,"turns":8},{"damage":7,"enemies":"3 Cultists","floor":24,"turns":4},{"damage":36,"enemies":"Slavers","floor":27,"turns":3},{"damage":4,"enemies":"Centurion and Healer","floor":28,"turns":6},{"damage":38,"enemies":"Book of Stabbing","floor":29,"turns":3}],"seed_played":"-7834683023114809256","potions_obtained":[{"floor":2,"key":"Explosive Potion"},{"floor":3,"key":"Explosive Potion"},{"floor":4,"key":"Block Potion"},{"floor":5,"key":"Weak Potion"},{"floor":11,"key":"Regen Potion"},{"floor":16,"key":"AttackPotion"}],"is_trial":false,"path_per_floor":["M","M","M","?","M","E","R","E","T","R","E","M","M","?","R","B",null,"M","?","$","M","M","R","M","R","T","E","M","E"],"character_chosen":"DEFECT","items_purchased":["Self Repair"],"campfire_rested":1,"item_purchase_floors":[20],"current_hp_per_floor":[64,63,60,60,60,44,44,29,29,50,49,35,27,20,20,32,61,48,48,48,54,45,45,48,48,48,22,38,0],"gold":388,"neow_bonus":"THREE_CARDS","is_prod":false,"is_daily":false,"chose_seed":false,"campfire_upgraded":4,"win_rate":0,"timestamp":1549162617,"path_taken":["M","M","M","?","M","E","R","E","T","R","E","?","M","?","R","BOSS","M","?","$","M","M","R","M","R","T","E","M","E"],"build_version":"2019-01-23","purchased_purges":1,"victory":false,"max_hp_per_floor":[71,71,71,71,71,71,71,71,71,71,71,71,71,71,71,71,71,71,71,71,71,71,71,71,71,71,71,71,71],"card_choices":[{"not_picked":["Hello World","Chaos"],"picked":"Rebound","floor":0},{"not_picked":["Conserve Battery","Force Field"],"picked":"Ball Lightning","floor":1},{"not_picked":["Turbo","Go for the Eyes"],"picked":"Coolheaded","floor":2},{"not_picked":["Go for the Eyes","Consume"],"picked":"Cold Snap","floor":3},{"not_picked":["Conserve Battery","Streamline"],"picked":"Glacier","floor":5},{"not_picked":["Redo","Sunder"],"picked":"Genetic Algorithm","floor":6},{"not_picked":["Ball Lightning","Barrage"],"picked":"Echo Form","floor":8},{"not_picked":["Barrage","Turbo"],"picked":"Ball Lightning","floor":11},{"not_picked":["Cold Snap","Gash","Blizzard"],"picked":"Hologram","floor":12},{"not_picked":["Rip and Tear","Gash","Steam","Barrage"],"picked":"SKIP","floor":13},{"not_picked":["Hyperbeam","Amplify","All For One"],"picked":"Electrodynamics","floor":16},{"not_picked":["Melter","Auto Shields","Hello World"],"picked":"Compile Driver","floor":18},{"not_picked":["Leap","Scrape","Rebound"],"picked":"Coolheaded","floor":21},{"not_picked":["Conserve Battery","Beam Cell","Streamline"],"picked":"Rainbow","floor":22},{"not_picked":["Leap","Hello World","Coolheaded","Hologram"],"picked":"SKIP","floor":24},{"not_picked":["Scrape","Redo","Stack"],"picked":"Blizzard+1","floor":27},{"not_picked":["Turbo","Skim","Chaos+1"],"picked":"Coolheaded","floor":28}],"player_experience":800581,"relics_obtained":[{"floor":6,"key":"Vajra"},{"floor":8,"key":"Bag of Preparation"},{"floor":9,"key":"Gremlin Horn"},{"floor":11,"key":"Question Card"},{"floor":26,"key":"Bottled Tornado"},{"floor":27,"key":"Boot"}],"event_choices":[{"damage_healed":0,"gold_gain":0,"player_choice":"Got Potions","damage_taken":0,"max_hp_gain":0,"max_hp_loss":0,"event_name":"Lab","floor":4,"gold_loss":0},{"cards_removed":["Strike_B"],"damage_healed":0,"gold_gain":0,"player_choice":"Card Removal","damage_taken":7,"max_hp_gain":0,"max_hp_loss":0,"event_name":"Golden Wing","floor":14,"gold_loss":0},{"damage_healed":0,"gold_gain":0,"player_choice":"1 cards matched","damage_taken":0,"max_hp_gain":0,"max_hp_loss":0,"event_name":"Match and Keep!","floor":19,"gold_loss":0,"cards_obtained":["Machine Learning"]}],"is_beta":false,"boss_relics":[{"not_picked":["Velvet Choker","Runic Pyramid"],"picked":"Inserter"}],"items_purged_floors":[20],"is_endless":false,"potions_floor_spawned":[2,3,5,11,16,18],"killed_by":"Book of Stabbing","ascension_level":20}