{"gold_per_floor":[111,130,130,142,159,159,184,109,109,129,129,152,152,172,172,247,247,257,0,0,18,18,18,43,43,43,43,62,62,62,94,94,94],"floor_reached":33,"playtime":3993,"items_purged":["Defend_B","Strike_B"],"score":583,"play_id":"96b6e8fb-f0da-465d-a822-1b3b120230e2","local_time":"20190116211044","is_ascension_mode":true,"campfire_choices":[{"data":"Zap","floor":6,"key":"SMITH"},{"floor":15,"key":"REST"},{"data":"Fission","floor":23,"key":"SMITH"},{"data":"Sunder","floor":25,"key":"SMITH"},{"floor":27,"key":"REST"},{"floor":29,"key":"REST"},{"floor":32,"key":"REST"}],"neow_cost":"NONE","seed_source_timestamp":108573689555249,"circlet_count":0,"master_deck":["AscendersBane","Strike_B","Strike_B","Defend_B","Defend_B","Defend_B","Zap+1","Dualcast","Electrodynamics","Cold Snap","Chill","Go for the Eyes","Undo","Capacitor","Cold Snap","Leap","Conserve Battery","Fission+1","Sunder+1","RitualDagger","BootSequence","Coolheaded+1","Reinforced Body","Cold Snap","Leap"],"relics":["Cracked Core","Pantograph","Bottled Lightning","Dream Catcher","Sozu","Bronze Scales","Orichalcum","Ice Cream","Matryoshka"],"potions_floor_usage":[],"damage_taken":[{"damage":6,"enemies":"Cultist","floor":1,"turns":4},{"damage":12,"enemies":"Small Slimes","floor":2,"turns":2},{"damage":0,"enemies":"Jaw Worm","floor":4,"turns":4},{"damage":0,"enemies":"3 Louse","floor":5,"turns":2},{"damage":22,"enemies":"Gremlin Nob","floor":7,"turns":4},{"damage":0,"enemies":"2 Fungi Beasts","floor":10,"turns":2},{"damage":13,"enemies":"Large Slime","floor":14,"turns":4},{"damage":0,"enemies":"The Guardian","floor":16,"turns":15},{"damage":6,"enemies":"Spheric Guardian","floor":18,"turns":7},{"damage":11,"enemies":"2 Thieves","floor":21,"turns":5},{"damage":17,"enemies":"Book of Stabbing","floor":24,"turns":7},{"damage":28,"enemies":"Shelled Parasite and Fungi","floor":28,"turns":4},{"damage":10,"enemies":"Slavers","floor":31,"turns":3},{"damage":81,"enemies":"Champ","floor":33,"turns":23}],"seed_played":"-3193956506084369307","potions_obtained":[{"floor":4,"key":"GamblersBrew"},{"floor":5,"key":"SpeedPotion"}],"is_trial":false,"path_per_floor":["M","M","?","M","M","R","E","$","T","M","?","T","?","M","R","B",null,"M","$","?","M","?","R","E","R","T","R","M","R","?","E","R","B"],"character_chosen":"DEFECT","items_purchased":["Bronze Scales"],"campfire_rested":4,"item_purchase_floors":[19],"current_hp_per_floor":[58,46,51,51,51,51,29,29,29,29,22,22,22,9,31,56,71,65,65,59,48,48,48,31,31,31,53,25,47,47,37,59,0],"gold":94,"neow_bonus":"ONE_RANDOM_RARE_CARD","is_prod":false,"is_daily":false,"chose_seed":false,"campfire_upgraded":3,"win_rate":0,"timestamp":1547691044,"path_taken":["M","M","?","M","M","R","E","$","T","M","?","?","?","M","R","BOSS","M","$","?","M","?","R","E","R","T","R","M","R","?","E","R","BOSS"],"build_version":"2019-01-10","purchased_purges":2,"victory":false,"max_hp_per_floor":[71,71,76,76,76,76,76,76,76,76,76,76,76,76,76,76,76,76,76,76,76,76,76,76,76,76,76,76,76,76,76,76,76],"card_choices":[{"not_picked":["Hello World","Hologram"],"picked":"Cold Snap","floor":1},{"not_picked":["Force Field","Leap"],"picked":"Chill","floor":2},{"not_picked":["Chaos","Sweeping Beam"],"picked":"Go for the Eyes","floor":4},{"not_picked":["Doom and Gloom","Turbo"],"picked":"Undo","floor":5},{"not_picked":["Multi-Cast","Leap"],"picked":"Capacitor","floor":7},{"not_picked":["Sunder","Go for the Eyes"],"picked":"Cold Snap","floor":10},{"not_picked":["Genetic Algorithm","Go for the Eyes"],"picked":"Leap","floor":14},{"not_picked":["White Noise","Aggregate"],"picked":"Conserve Battery","floor":15},{"not_picked":["Electrodynamics","Rainbow"],"picked":"Fission","floor":16},{"not_picked":["Conserve Battery","Capacitor"],"picked":"Sunder","floor":18},{"not_picked":["Rebound+1","Blizzard"],"picked":"BootSequence","floor":21},{"not_picked":["Hologram","FTL"],"picked":"Coolheaded+1","floor":24},{"not_picked":["BootSequence","Gash"],"picked":"Reinforced Body","floor":27},{"not_picked":["Streamline","Steam","Beam Cell"],"picked":"SKIP","floor":28},{"not_picked":["Heatsinks","Streamline"],"picked":"Cold Snap","floor":29},{"not_picked":["Steam","Heatsinks","Scrape"],"picked":"SKIP","floor":31},{"not_picked":["Streamline","Lockon"],"picked":"Leap","floor":32}],"player_experience":874701,"relics_obtained":[{"floor":7,"key":"Pantograph"},{"floor":9,"key":"Bottled Lightning"},{"floor":12,"key":"Dream Catcher"},{"floor":24,"key":"Orichalcum"},{"floor":26,"key":"Ice Cream"},{"floor":31,"key":"Matryoshka"}],"event_choices":[{"damage_healed":0,"gold_gain":0,"player_choice":"Donut","damage_taken":0,"max_hp_gain":5,"max_hp_loss":0,"event_name":"Big Fish","floor":3,"gold_loss":0},{"cards_removed":["Strike_B"],"damage_healed":0,"gold_gain":0,"player_choice":"Card Removal","damage_taken":7,"max_hp_gain":0,"max_hp_loss":0,"event_name":"Golden Wing","floor":11,"gold_loss":0},{"damage_healed":0,"gold_gain":0,"player_choice":"Ignored","damage_taken":0,"max_hp_gain":0,"max_hp_loss":0,"event_name":"Liars Game","floor":13,"gold_loss":0},{"damage_healed":0,"gold_gain":0,"player_choice":"Joined the Cult","damage_taken":6,"max_hp_gain":0,"max_hp_loss":0,"event_name":"Nest","floor":20,"gold_loss":0,"cards_obtained":["RitualDagger"]},{"damage_healed":0,"gold_gain":0,"player_choice":"Ignored","damage_taken":0,"max_hp_gain":0,"max_hp_loss":0,"event_name":"Vampires","floor":22,"gold_loss":0},{"damage_healed":0,"gold_gain":0,"player_choice":"Ignored","damage_taken":0,"max_hp_gain":0,"max_hp_loss":0,"event_name":"Ghosts","floor":30,"gold_loss":0}],"is_beta":false,"boss_relics":[{"not_picked":["Orrery","Nuclear Battery"],"picked":"Sozu"}],"items_purged_floors":[8,19],"is_endless":false,"potions_floor_spawned":[4,5,18,21],"killed_by":"Champ","ascension_level":15}