{"gold_per_floor":[111,36,36,36,55,84,84,102,102,118,128,160,160,10,10,113,113,123,123,135,152,177,177,188,188,267,292,302,302,302,314,314,419,419,430,442,455,473,473,499,499,524,524,524,535,560,17,17,17,17],"floor_reached":51,"playtime":4069,"items_purged":["Shame","Pain","Strike_B"],"score":1271,"play_id":"eb2b79a1-42c0-4dd7-8718-9052a530ac51","local_time":"20181019015014","is_ascension_mode":true,"campfire_choices":[{"floor":7.0,"key":"REST"},{"data":"White Noise","floor":13.0,"key":"SMITH"},{"floor":15.0,"key":"REST"},{"floor":23.0,"key":"REST"},{"floor":25.0,"key":"REST"},{"floor":29.0,"key":"REST"},{"floor":32,"key":"REST"},{"floor":41,"key":"REST"},{"floor":44,"key":"REST"},{"floor":49,"key":"REST"}],"neow_cost":"CURSE","seed_source_timestamp":0,"circlet_count":0,"master_deck":["Strike_B","Strike_B","Defend_B","Defend_B","Defend_B","Defend_B","Zap","Dualcast","Doom and Gloom","Barrage","Self Repair+1","Capacitor+1","Force Field","White Noise+1","Creative AI+1","Leap","Thunder Strike","Storm+1","Force Field","Sunder+1","Cold Snap+1","Defragment+1","Rebound+1","White Noise","Stack+1","Buffer+1","Storm+1","Coolheaded+1","Leap+1","Go for the Eyes+1","Madness","Madness","Electrodynamics+1","Chill+1","Doubt","Storm+1","Storm+1","Master of Strategy"],"special_seed":0,"relics":["Cracked Core","WarpedTongs","Frozen Egg 2","Shuriken","FossilizedHelix","Fusion Hammer","Red Mask","Blue Candle","Lantern","Cursed Key","Du-Vu Doll","Juzu Bracelet","Nunchaku","Centennial Puzzle","DataDisk"],"potions_floor_usage":[50,50],"damage_taken":[{"damage":8.0,"enemies":"2 Louse","floor":1.0,"turns":3.0},{"damage":5.0,"enemies":"Small Slimes","floor":5.0,"turns":3.0},{"damage":33.0,"enemies":"Lagavulin","floor":6.0,"turns":5.0},{"damage":2.0,"enemies":"Cultist","floor":8.0,"turns":3.0},{"damage":3.0,"enemies":"Large Slime","floor":10.0,"turns":5.0},{"damage":0.0,"enemies":"Lots of Slimes","floor":11.0,"turns":1.0},{"damage":28.0,"enemies":"3 Sentries","floor":12.0,"turns":5.0},{"damage":0.0,"enemies":"Slime Boss","floor":16.0,"turns":8.0},{"damage":11.0,"enemies":"2 Thieves","floor":18.0,"turns":4.0},{"damage":44.0,"enemies":"Colosseum Slavers","floor":19.0,"turns":4.0},{"damage":32.0,"enemies":"Shell Parasite","floor":20.0,"turns":5.0},{"damage":9.0,"enemies":"Centurion and Healer","floor":21.0,"turns":5.0},{"damage":10.0,"enemies":"Masked Bandits","floor":22.0,"turns":3.0},{"damage":38.0,"enemies":"Snake Plant","floor":24.0,"turns":4.0},{"damage":14.0,"enemies":"Book of Stabbing","floor":27.0,"turns":4.0},{"damage":10.0,"enemies":"3 Cultists","floor":28.0,"turns":4.0},{"damage":3,"enemies":"Shelled Parasite and Fungi","floor":31,"turns":3},{"damage":7,"enemies":"Champ","floor":33,"turns":7},{"damage":0,"enemies":"Orb Walker","floor":35,"turns":3},{"damage":10,"enemies":"3 Darklings","floor":36,"turns":3},{"damage":0,"enemies":"Maw","floor":37,"turns":5},{"damage":8,"enemies":"4 Shapes","floor":38,"turns":3},{"damage":0,"enemies":"Giant Head","floor":40,"turns":7},{"damage":0,"enemies":"Nemesis","floor":42,"turns":5},{"damage":0,"enemies":"Sphere and 2 Shapes","floor":45,"turns":4},{"damage":0,"enemies":"Giant Head","floor":46,"turns":5},{"damage":24,"enemies":"Donu and Deca","floor":50,"turns":3}],"seed_played":"2498227732741126097","potions_obtained":[{"floor":1.0,"key":"GamblersBrew"},{"floor":5.0,"key":"SmokeBomb"},{"floor":11.0,"key":"SpeedPotion"},{"floor":22.0,"key":"LiquidBronze"},{"floor":33,"key":"Dexterity Potion"},{"floor":35,"key":"Explosive Potion"},{"floor":40,"key":"AttackPotion"}],"is_trial":false,"path_per_floor":["M","$","?","?","M","E","R","M","T","M","M","E","R","$","R","B",null,"M","?","M","M","?","R","M","R","T","E","M","R","?","M","R","B",null,"M","M","M","M","?","E","R","E","T","R","M","E","$","?","R","B"],"character_chosen":"DEFECT","items_purchased":["Leap","DataDisk","Storm+1","Master of Strategy"],"campfire_rested":9,"item_purchase_floors":[14,47,47,47],"current_hp_per_floor":[74,74,67,67,62,29,55,63,63,70,70,52,52,52,78,78,86,85,51,29,30,20,46,18,44,44,30,30,56,56,63,89,89,89,89,79,89,81,70,80,89,89,89,89,89,89,89,89,89,75],"gold":17,"neow_bonus":"TWENTY_PERCENT_HP_BONUS","is_prod":false,"is_daily":false,"chose_seed":false,"campfire_upgraded":1,"win_rate":0,"timestamp":1539928214,"path_taken":["M","$","?","?","M","E","R","M","T","M","M","E","R","?","R","BOSS","M","?","M","M","?","R","M","R","T","E","M","R","?","M","R","BOSS","M","M","M","M","?","E","R","E","T","R","M","E","$","?","R","BOSS"],"build_version":"2018-10-18","purchased_purges":3,"victory":true,"max_hp_per_floor":[89,89,89,89,89,89,89,89,89,89,89,89,89,89,89,89,89,89,89,89,89,89,89,89,89,89,89,89,89,89,89,89,89,89,89,89,89,89,89,89,89,89,89,89,89,89,89,89,89,89],"card_choices":[{"not_picked":["Sweeping Beam","Stack"],"picked":"Doom and Gloom","floor":1.0},{"not_picked":["Sweeping Beam","Gash"],"picked":"Barrage","floor":5.0},{"not_picked":["Conserve Battery","Force Field"],"picked":"Self Repair","floor":6.0},{"not_picked":["Doom and Gloom","Rebound"],"picked":"Capacitor+1","floor":8.0},{"not_picked":["Go for the Eyes","Hologram"],"picked":"Force Field","floor":10.0},{"not_picked":["Chaos","Blizzard"],"picked":"White Noise","floor":11.0},{"not_picked":["Go for the Eyes","Sunder"],"picked":"Creative AI+1","floor":12.0},{"not_picked":["Machine Learning+1","Creative AI+1"],"picked":"Thunder Strike","floor":16.0},{"not_picked":["Double Energy+1","Fusion"],"picked":"Storm+1","floor":18.0},{"not_picked":["Capacitor+1","Redo"],"picked":"Force Field","floor":20.0},{"not_picked":["Redo","Chaos"],"picked":"Sunder+1","floor":21.0},{"not_picked":["Hologram","Scrape"],"picked":"Cold Snap+1","floor":22.0},{"not_picked":["Leap","Barrage+1"],"picked":"Defragment+1","floor":24.0},{"not_picked":["All For One","Sweeping Beam"],"picked":"Rebound+1","floor":27.0},{"not_picked":["Beam Cell","Redo"],"picked":"White Noise","floor":28.0},{"not_picked":["Streamline","Leap"],"picked":"Stack+1","floor":31},{"not_picked":["Reboot","Fission"],"picked":"Buffer+1","floor":33},{"not_picked":["Barrage","Turbo"],"picked":"Storm+1","floor":35},{"not_picked":["Lockon","Barrage+1"],"picked":"Coolheaded+1","floor":36},{"not_picked":["Hologram","Barrage+1"],"picked":"Leap+1","floor":37},{"not_picked":["Ball Lightning+1","Conserve Battery+1"],"picked":"Go for the Eyes+1","floor":38},{"not_picked":["Heatsinks+1","Static Discharge+1"],"picked":"Electrodynamics+1","floor":40},{"not_picked":["Turbo+1","Skim+1"],"picked":"Chill+1","floor":42},{"not_picked":["Leap+1","Coolheaded+1"],"picked":"Storm+1","floor":45},{"not_picked":["Steam","Compile Driver+1"],"picked":"Cold Snap+1","floor":46}],"player_experience":622229,"relics_obtained":[{"floor":6.0,"key":"Frozen Egg 2"},{"floor":9.0,"key":"Shuriken"},{"floor":12.0,"key":"FossilizedHelix"},{"floor":22.0,"key":"Red Mask"},{"floor":26.0,"key":"Blue Candle"},{"floor":27.0,"key":"Lantern"},{"floor":40,"key":"Du-Vu Doll"},{"floor":42,"key":"Juzu Bracelet"},{"floor":43,"key":"Nunchaku"},{"floor":46,"key":"Centennial Puzzle"}],"event_choices":[{"event_name":"Golden Wing","player_choice":"Card Removal","floor":3.0,"damage_taken":0.0},{"event_name":"Accursed Blacksmith","player_choice":"Rummage","floor":4.0,"damage_taken":0.0},{"event_name":"Colosseum","player_choice":"Fight","floor":19.0,"damage_taken":0.0},{"event_name":"Colosseum","player_choice":"Fled From Nobs","floor":19.0,"damage_taken":0.0},{"damage_healed":0.0,"max_hp_gain":0.0,"max_hp_loss":0.0,"gold_gain":0.0,"event_name":"Masked Bandits","player_choice":"Fought Bandits","floor":22.0,"gold_loss":0.0,"damage_taken":0.0},{"damage_healed":0,"gold_gain":0,"player_choice":"Ignored","damage_taken":0,"max_hp_gain":0,"max_hp_loss":0,"event_name":"N\u0027loth","floor":30,"gold_loss":0},{"damage_healed":0,"gold_gain":0,"player_choice":"Embrace Madness","damage_taken":11,"max_hp_gain":0,"max_hp_loss":0,"event_name":"Winding Halls","floor":39,"gold_loss":0,"cards_obtained":["Madness","Madness"]},{"cards_removed":["Cold Snap"],"damage_healed":0,"gold_gain":0,"player_choice":"Removed Attack","damage_taken":0,"max_hp_gain":0,"max_hp_loss":0,"event_name":"Falling","floor":48,"gold_loss":0}],"is_beta":false,"boss_relics":[{"not_picked":["Orrery","FrozenCore"],"picked":"Fusion Hammer"},{"not_picked":["Tiny House","Philosopher\u0027s Stone"],"picked":"Cursed Key"}],"items_purged_floors":[2,14,47],"is_endless":false,"potions_floor_spawned":[1,5,11,16,19,22,31,33,35,38,40,45],"ascension_level":9}