{"gold_per_floor":[114,129,144,159,174,174,204,204,204,204,219,234,289,304,304,404,404,419,434,449,224,439,439,499,499,524,539,539,554,569,584,584,684,684,699,699,699,699,148,148,178,193,193,208,238,238,238,253,253,253],"floor_reached":51,"playtime":3055,"items_purged":[],"score":958,"play_id":"dea5c68a-1ef3-462f-bf42-1dc0135f9bda","local_time":"20181109050544","daily_mods":["Shiny","Red Cards","Lethality"],"is_ascension_mode":false,"campfire_choices":[{"floor":6,"key":"REST"},{"data":"Dark Embrace","floor":8,"key":"SMITH"},{"floor":10,"key":"REST"},{"data":"Adrenaline","floor":15,"key":"SMITH"},{"floor":23,"key":"REST"},{"data":"After Image","floor":25,"key":"SMITH"},{"floor":32,"key":"REST"},{"floor":40,"key":"REST"},{"floor":47,"key":"REST"},{"floor":49,"key":"REST"}],"neow_cost":"","seed_source_timestamp":227756259909781,"circlet_count":0,"master_deck":["Double Tap+1","Demon Form+1","Bludgeon+1","Feed+1","Limit Break+1","Barricade+1","Dark Embrace+1","Berserk+1","Impervious+1","Juggernaut+1","Brutality+1","Reaper+1","Exhume+1","Offering+1","Immolate+1","Venomology+1","Corpse Explosion+1","Malaise+1","Phantasmal Killer+1","Die Die Die+1","Adrenaline+1","Envenom+1","Doppelganger+1","Burst+1","Wraith Form v2+1","Tools of the Trade+1","Night Terror+1","Unload+1","After Image+1","Bullet Time+1","Storm of Steel+1","Glass Knife+1","A Thousand Cuts+1","Grand Finale+1","Shrug It Off+1","Cloak And Dagger+1","Riddle With Holes+1","Feel No Pain+1","Shrug It Off+1","Concentrate+1","Fire Breathing+1","A Thousand Cuts+1","Warcry+1","Infinite Blades+1","Backstab+1","Unload+1","Feel No Pain+1","Apotheosis+1","Apotheosis+1"],"special_seed":17844,"relics":["Ring of the Snake","Pear","Mummified Hand","Bottled Lightning","Busted Crown","Lantern","Old Coin","Tiny Chest","Bag of Preparation","Philosopher\u0027s Stone","Whetstone","Anchor","DollysMirror","Snake Skull","Tingsha","Ninja Scroll","Mark of the Bloom"],"potions_floor_usage":[7,20,33,45,45,50],"damage_taken":[{"damage":24,"enemies":"2 Louse","floor":1,"turns":3},{"damage":13,"enemies":"Small Slimes","floor":2,"turns":2},{"damage":11,"enemies":"Cultist","floor":3,"turns":3},{"damage":0,"enemies":"Looter","floor":4,"turns":1},{"damage":0,"enemies":"2 Fungi Beasts","floor":5,"turns":2},{"damage":0,"enemies":"Gremlin Nob","floor":7,"turns":1},{"damage":0,"enemies":"Blue Slaver","floor":11,"turns":1},{"damage":7,"enemies":"Exordium Wildlife","floor":12,"turns":4},{"damage":0,"enemies":"Gremlin Nob","floor":13,"turns":2},{"damage":8,"enemies":"Gremlin Gang","floor":14,"turns":3},{"damage":8,"enemies":"Hexaghost","floor":16,"turns":4},{"damage":0,"enemies":"3 Byrds","floor":18,"turns":1},{"damage":3,"enemies":"Shell Parasite","floor":19,"turns":3},{"damage":33,"enemies":"Shelled Parasite and Fungi","floor":20,"turns":3},{"damage":18,"enemies":"Book of Stabbing","floor":24,"turns":2},{"damage":15,"enemies":"Centurion and Healer","floor":27,"turns":2},{"damage":6,"enemies":"Snecko","floor":29,"turns":2},{"damage":0,"enemies":"3 Cultists","floor":30,"turns":2},{"damage":0,"enemies":"Centurion and Healer","floor":31,"turns":2},{"damage":3,"enemies":"Automaton","floor":33,"turns":5},{"damage":40,"enemies":"3 Shapes","floor":35,"turns":2},{"damage":0,"enemies":"Giant Head","floor":41,"turns":3},{"damage":1,"enemies":"Orb Walker","floor":42,"turns":2},{"damage":0,"enemies":"Jaw Worm Horde","floor":44,"turns":2},{"damage":0,"enemies":"Reptomancer","floor":45,"turns":4},{"damage":1,"enemies":"3 Darklings","floor":48,"turns":2},{"damage":44,"enemies":"Donu and Deca","floor":50,"turns":5}],"seed_played":"-5248013741423723196","potions_obtained":[{"floor":2,"key":"Fire Potion"},{"floor":3,"key":"Explosive Potion"},{"floor":12,"key":"Strength Potion"},{"floor":13,"key":"Swift Potion"},{"floor":14,"key":"SkillPotion"},{"floor":29,"key":"Explosive Potion"},{"floor":35,"key":"AttackPotion"},{"floor":41,"key":"EntropicBrew"},{"floor":48,"key":"FairyPotion"}],"is_trial":false,"path_per_floor":["M","M","M","M","M","R","E","R","T","R","M","M","?","M","R","B",null,"M","M","M","$","?","R","E","R","T","M","?","M","M","M","R","B",null,"M","T","?","?","$","R","E","M","T","M","E","?","R","M","R","B",null],"character_chosen":"THE_SILENT","items_purchased":["Infinite Blades","Lantern","Feel No Pain","Apotheosis","Anchor","DollysMirror"],"campfire_rested":7,"item_purchase_floors":[21,21,39,39,39,39],"current_hp_per_floor":[46,33,22,22,25,46,56,56,56,80,80,78,78,70,70,74,83,83,82,49,49,49,73,65,65,65,53,53,50,53,53,80,92,92,52,52,52,52,52,79,79,78,78,91,91,91,91,90,90,46],"gold":253,"neow_bonus":"","is_prod":false,"is_daily":true,"chose_seed":false,"campfire_upgraded":3,"win_rate":0.0,"timestamp":1541757944,"path_taken":["M","M","M","M","M","R","E","R","T","R","M","M","?","M","R","BOSS","M","M","M","$","?","R","E","R","T","M","?","M","M","M","R","BOSS","M","?","?","?","?","R","E","M","T","M","E","?","R","M","R","BOSS"],"build_version":"2018-11-08","purchased_purges":0,"victory":true,"max_hp_per_floor":[70,70,70,70,73,73,83,83,83,83,83,83,83,83,83,83,83,83,83,83,83,83,83,83,83,83,86,86,89,92,92,92,92,92,92,92,92,92,92,92,92,92,92,92,92,92,92,92,92,92],"card_choices":[{"not_picked":["Anger","Clash"],"picked":"Shrug It Off","floor":1},{"not_picked":["Die Die Die","Disarm"],"picked":"Cloak And Dagger","floor":2},{"not_picked":["Outmaneuver","Disarm"],"picked":"Riddle With Holes","floor":3},{"not_picked":["Carnage","Wild Strike"],"picked":"Feel No Pain","floor":4},{"not_picked":["Twin Strike","Terror"],"picked":"Shrug It Off","floor":5},{"not_picked":["Dagger Spray","Dual Wield"],"picked":"Concentrate","floor":7},{"not_picked":["Twin Strike","Dodge and Roll","Sword Boomerang"],"picked":"SKIP","floor":11},{"not_picked":["Caltrops","All Out Attack"],"picked":"Fire Breathing","floor":12},{"not_picked":["Venomology","Blur","Ghostly Armor"],"picked":"SKIP","floor":14},{"not_picked":["Limit Break","Exhume"],"picked":"A Thousand Cuts","floor":16},{"not_picked":["Body Slam"],"picked":"SKIP","floor":18},{"not_picked":["Endless Agony"],"picked":"SKIP","floor":19},{"not_picked":[],"picked":"Warcry","floor":20},{"not_picked":["Flying Knee"],"picked":"SKIP","floor":24},{"not_picked":[],"picked":"Backstab","floor":27},{"not_picked":["Cleave"],"picked":"SKIP","floor":29},{"not_picked":["Sucker Punch"],"picked":"SKIP","floor":30},{"not_picked":["Dagger Throw+1"],"picked":"SKIP","floor":31},{"not_picked":[],"picked":"Unload","floor":33},{"not_picked":["Clothesline"],"picked":"SKIP","floor":35},{"not_picked":["Flex+1"],"picked":"SKIP","floor":41},{"not_picked":["Disarm"],"picked":"SKIP","floor":42},{"not_picked":["Dagger Spray+1"],"picked":"SKIP","floor":44},{"not_picked":["Iron Wave"],"picked":"SKIP","floor":45},{"not_picked":["Iron Wave"],"picked":"SKIP","floor":48}],"player_experience":51744,"relics_obtained":[{"floor":7,"key":"Pear"},{"floor":9,"key":"Mummified Hand"},{"floor":13,"key":"Bottled Lightning"},{"floor":24,"key":"Tiny Chest"},{"floor":26,"key":"Bag of Preparation"},{"floor":36,"key":"Whetstone"},{"floor":41,"key":"Snake Skull"},{"floor":43,"key":"Tingsha"},{"floor":45,"key":"Ninja Scroll"}],"event_choices":[{"damage_healed":0,"gold_gain":30,"player_choice":"Searched \u00272\u0027 times","damage_taken":0,"max_hp_gain":0,"max_hp_loss":0,"event_name":"Dead Adventurer","floor":13,"gold_loss":0},{"damage_healed":0,"gold_gain":0,"player_choice":"Obtained Relic","damage_taken":0,"relics_obtained":["Old Coin"],"max_hp_gain":0,"max_hp_loss":0,"event_name":"Addict","floor":22,"gold_loss":85},{"damage_healed":0,"gold_gain":0,"player_choice":"Upgraded","damage_taken":0,"max_hp_gain":0,"max_hp_loss":0,"event_name":"Upgrade Shrine","floor":28,"gold_loss":0,"cards_upgraded":["Infinite Blades"]},{"cards_removed":["Fiend Fire"],"damage_healed":0,"gold_gain":0,"player_choice":"Removed Attack","damage_taken":0,"max_hp_gain":0,"max_hp_loss":0,"event_name":"Falling","floor":37,"gold_loss":0},{"damage_healed":0,"gold_gain":0,"player_choice":"Ignored","damage_taken":0,"max_hp_gain":0,"max_hp_loss":0,"event_name":"Tomb of Lord Red Mask","floor":38,"gold_loss":0},{"damage_healed":0,"gold_gain":0,"player_choice":"Upgrade","damage_taken":0,"relics_obtained":["Mark of the Bloom"],"max_hp_gain":0,"max_hp_loss":0,"event_name":"MindBloom","floor":46,"gold_loss":0,"cards_upgraded":["Double Tap","Demon Form","Bludgeon","Feed","Limit Break","Barricade","Berserk","Impervious","Juggernaut","Brutality","Reaper","Exhume","Offering","Immolate","Venomology","Corpse Explosion","Malaise","Phantasmal Killer","Die Die Die","Envenom","Doppelganger","Burst","Wraith Form v2","Tools of the Trade","Night Terror","Bullet Time","Storm of Steel","Glass Knife","A Thousand Cuts","Shrug It Off","Cloak And Dagger","Riddle With Holes","Feel No Pain","Shrug It Off","Concentrate","Fire Breathing","A Thousand Cuts","Warcry","Backstab","Unload","Feel No Pain","Apotheosis","Apotheosis"]}],"is_beta":false,"boss_relics":[{"not_picked":["Cursed Key","Orrery"],"picked":"Busted Crown"},{"not_picked":["Lizard Tail","White Beast Statue"],"picked":"Philosopher\u0027s Stone"}],"items_purged_floors":[],"is_endless":false,"potions_floor_spawned":[2,3,5,12,13,14,18,19,29,35,41,44,48],"ascension_level":0}