{"gold_per_floor":[118,118,138,138,149,149,159,176,176,101,114,114],"floor_reached":12,"playtime":916,"items_purged":["Strike_G"],"score":108,"play_id":"9b911534-9606-4949-abf0-6eb0036333a7","local_time":"20181022165904","is_ascension_mode":true,"campfire_choices":[{"floor":6,"key":"REST"}],"neow_cost":"PERCENT_DAMAGE","seed_source_timestamp":955913984137954,"circlet_count":0,"master_deck":["Defend_G","Defend_G","Defend_G","Defend_G","Defend_G","Strike_G","Strike_G","Strike_G","Survivor","Neutralize","AscendersBane","Terror","PiercingWail","Setup","Well Laid Plans","Cloak And Dagger","Acrobatics","Backflip"],"relics":["Ring of the Snake","Unceasing Top","Pantograph","Mummified Hand"],"potions_floor_usage":[12,12],"damage_taken":[{"damage":2,"enemies":"2 Louse","floor":1,"turns":4},{"damage":0,"enemies":"Small Slimes","floor":3,"turns":3},{"damage":5,"enemies":"Cultist","floor":5,"turns":5},{"damage":3,"enemies":"Red Slaver","floor":7,"turns":7},{"damage":2,"enemies":"Large Slime","floor":8,"turns":9},{"damage":8,"enemies":"Blue Slaver","floor":11,"turns":5},{"damage":22,"enemies":"3 Sentries","floor":12,"turns":13}],"seed_played":"4760536158529783603","potions_obtained":[{"floor":3,"key":"Energy Potion"},{"floor":5,"key":"Block Potion"},{"floor":11,"key":"Poison Potion"}],"is_trial":false,"path_per_floor":["M","?","M","?","M","R","M","M","T","$","M"],"character_chosen":"THE_SILENT","items_purchased":[],"campfire_rested":1,"item_purchase_floors":[],"current_hp_per_floor":[43,18,18,18,13,34,31,29,29,29,21,0],"gold":114,"neow_bonus":"ONE_RARE_RELIC","is_prod":false,"is_daily":false,"chose_seed":false,"campfire_upgraded":0,"win_rate":0,"timestamp":1540241944,"path_taken":["M","?","M","?","M","R","M","?","T","$","M","E"],"build_version":"2018-10-18","purchased_purges":1,"victory":false,"max_hp_per_floor":[70,70,70,70,70,70,70,70,70,70,70,70],"card_choices":[{"not_picked":["Sucker Punch","Bane"],"picked":"Terror","floor":1},{"not_picked":["Catalyst","Crippling Poison"],"picked":"PiercingWail","floor":3},{"not_picked":["Outmaneuver","Expertise"],"picked":"Well Laid Plans","floor":5},{"not_picked":["Acrobatics","Dagger Throw"],"picked":"Cloak And Dagger","floor":7},{"not_picked":["Blade Dance","Tactician"],"picked":"Acrobatics","floor":8},{"not_picked":["Backstab","Escape Plan"],"picked":"Backflip","floor":11}],"player_experience":642302,"relics_obtained":[{"floor":9,"key":"Mummified Hand"}],"event_choices":[{"damage_healed":0,"gold_gain":0,"player_choice":"Success","damage_taken":25,"relics_obtained":["Pantograph"],"max_hp_gain":0,"max_hp_loss":0,"event_name":"Scrap Ooze","floor":2,"gold_loss":0},{"damage_healed":0,"gold_gain":0,"cards_transformed":["Strike_G"],"player_choice":"Change","damage_taken":0,"max_hp_gain":0,"max_hp_loss":0,"event_name":"Living Wall","floor":4,"gold_loss":0,"cards_obtained":["Setup"]}],"is_beta":false,"boss_relics":[],"items_purged_floors":[10],"is_endless":false,"potions_floor_spawned":[3,5,11],"killed_by":"3 Sentries","ascension_level":10}