{"gold_per_floor":[109,120,138,113,123,123,153,153,234,234,250,278,289,305,305,305],"floor_reached":16,"playtime":1029,"items_purged":[],"score":228,"play_id":"7de62383-2fbd-4eaa-987c-84d5db829f01","local_time":"20190202200057","is_ascension_mode":true,"campfire_choices":[{"data":"Zap","floor":6,"key":"SMITH"},{"floor":8,"key":"REST"},{"data":"Capacitor","floor":10,"key":"SMITH"},{"data":"Coolheaded","floor":15,"key":"SMITH"}],"neow_cost":"NONE","seed_source_timestamp":1374910179192478,"circlet_count":0,"master_deck":["AscendersBane","Strike_B","Strike_B","Strike_B","Defend_B","Defend_B","Defend_B","Defend_B","Zap+1","Dualcast","Steam","Hologram","Doom and Gloom","Sweeping Beam","Coolheaded","Capacitor+1","Cold Snap","Coolheaded+1","Compile Driver"],"relics":["Cracked Core","Turnip","Mercury Hourglass","Oddly Smooth Stone"],"potions_floor_usage":[11,12,16,16],"damage_taken":[{"damage":2,"enemies":"Cultist","floor":1,"turns":4},{"damage":4,"enemies":"Jaw Worm","floor":2,"turns":5},{"damage":5,"enemies":"Small Slimes","floor":3,"turns":5},{"damage":24,"enemies":"3 Louse","floor":5,"turns":3},{"damage":27,"enemies":"Lagavulin","floor":7,"turns":8},{"damage":7,"enemies":"Blue Slaver","floor":11,"turns":2},{"damage":1,"enemies":"Gremlin Nob","floor":12,"turns":3},{"damage":3,"enemies":"Looter","floor":13,"turns":3},{"damage":3,"enemies":"3 Louse","floor":14,"turns":2},{"damage":10,"enemies":"Hexaghost","floor":16,"turns":9}],"seed_played":"-6969024324636056130","potions_obtained":[{"floor":5,"key":"Dexterity Potion"},{"floor":7,"key":"SkillPotion"},{"floor":11,"key":"Fire Potion"},{"floor":12,"key":"Explosive Potion"},{"floor":13,"key":"AttackPotion"}],"is_trial":false,"path_per_floor":["M","M","M","$","M","R","E","R","T","R","M","E","M","M","R","B"],"character_chosen":"DEFECT","items_purchased":["Sweeping Beam"],"campfire_rested":1,"item_purchase_floors":[4],"current_hp_per_floor":[62,58,53,53,29,29,2,23,23,23,16,15,12,9,9,0],"gold":305,"neow_bonus":"TRANSFORM_CARD","is_prod":false,"is_daily":false,"chose_seed":false,"campfire_upgraded":3,"win_rate":0,"timestamp":1549166457,"path_taken":["M","M","M","$","M","R","E","R","T","R","M","E","?","M","R","BOSS"],"build_version":"2019-01-23","purchased_purges":0,"victory":false,"max_hp_per_floor":[71,71,71,71,71,71,71,71,71,71,71,71,71,71,71,71],"card_choices":[{"not_picked":["Stack","Hello World"],"picked":"Hologram","floor":1},{"not_picked":["Gash","Static Discharge","Steam"],"picked":"SKIP","floor":2},{"not_picked":["Fusion","Consume"],"picked":"Doom and Gloom","floor":3},{"not_picked":["Streamline","Steam Power"],"picked":"Coolheaded","floor":5},{"not_picked":["Hologram","Melter"],"picked":"Capacitor","floor":7},{"not_picked":["Sweeping Beam","Hello World"],"picked":"Cold Snap","floor":11},{"not_picked":["Rip and Tear","Beam Cell","Auto Shields"],"picked":"SKIP","floor":12},{"not_picked":["Gash","Blizzard"],"picked":"Coolheaded","floor":13},{"not_picked":["Stack","Scrape"],"picked":"Compile Driver","floor":14}],"player_experience":805372,"relics_obtained":[{"floor":7,"key":"Turnip"},{"floor":9,"key":"Mercury Hourglass"},{"floor":12,"key":"Oddly Smooth Stone"}],"event_choices":[],"is_beta":false,"boss_relics":[],"items_purged_floors":[],"is_endless":false,"potions_floor_spawned":[5,7,11,12,13],"killed_by":"Hexaghost","ascension_level":20}