{"path_per_floor":["M","?","?","$","M","R","M","?","T","$","T","M","R","$","R","B",null,"M","?","M","$","M","R","?","R","T","M"],"character_chosen":"DEFECT","items_purchased":["Capacitor","Toxic Egg 2","Coolheaded"],"gold_per_floor":[117,117,117,42,62,62,79,105,405,280,358,368,368,79,79,184,184,195,110,126,31,46,46,46,46,46,66,66],"floor_reached":28,"campfire_rested":1,"playtime":3255,"current_hp_per_floor":[74,74,59,59,59,59,57,37,37,37,37,30,30,30,30,4,75,47,47,13,13,10,32,32,32,32,6,0],"items_purged":["Strike_B","Strike_B","Defend_B","Strike_B"],"gold":66,"score":206,"play_id":"d4320481-58f0-457b-b04e-390e2d025528","local_time":"20180429135259","is_prod":false,"is_daily":false,"chose_seed":false,"is_ascension_mode":false,"campfire_upgraded":4,"timestamp":1525002779,"path_taken":["M","?","?","$","M","R","?","?","T","?","?","M","R","$","R","BOSS","M","?","M","$","M","R","?","R","T","M","M"],"build_version":"2018-04-27v3","seed_source_timestamp":245104315265153,"purchased_purges":5,"victory":false,"master_deck":["Strike_B","Defend_B","Defend_B","Defend_B+1","Zap+1","Dualcast+1","Sweeping Beam+1","Hello World","Beam Cell+1","Gash","Capacitor+1","Cold Snap","Creative AI+1","Gash+1","Coolheaded+1","Injury","Blizzard+1"],"max_hp_per_floor":[75,75,75,75,75,75,75,75,75,75,75,75,75,75,75,75,75,75,75,75,75,75,75,75,75,75,75,75],"relics":["Cracked Core","Odd Mushroom","Old Coin","Smiling Mask","Toxic Egg 2","Lizard Tail","Unceasing Top","Molten Egg 2"],"card_choices":[{"not_picked":["Skim","Heatsinks"],"picked":"Sweeping Beam","floor":1},{"not_picked":["Hologram","Skim"],"picked":"Hello World","floor":5},{"not_picked":["Flux Capacitor","Ball Lightning"],"picked":"Beam Cell","floor":7},{"not_picked":["Stack","Ball Lightning"],"picked":"Gash","floor":8},{"not_picked":["Aggregate","Loop"],"picked":"Cold Snap","floor":12},{"not_picked":["Amplify","Seek"],"picked":"Creative AI","floor":16},{"not_picked":["FTL","Go for the Eyes"],"picked":"Gash","floor":18},{"not_picked":["Capacitor","Leap"],"picked":"Blizzard","floor":27}],"player_experience":95713,"potions_floor_usage":[],"damage_taken":[{"damage":1,"enemies":"2 Louse","floor":1,"turns":4},{"damage":0,"enemies":"Cultist","floor":5,"turns":3},{"damage":2,"enemies":"Small Slimes","floor":7,"turns":3},{"damage":20,"enemies":"The Mushroom Lair","floor":8,"turns":4},{"damage":7,"enemies":"2 Fungi Beasts","floor":12,"turns":3},{"damage":26,"enemies":"Slime Boss","floor":16,"turns":8},{"damage":28,"enemies":"Spheric Guardian","floor":18,"turns":4},{"damage":34,"enemies":"Shell Parasite","floor":20,"turns":5},{"damage":43,"enemies":"Snake Plant","floor":22,"turns":6},{"damage":26,"enemies":"Sentry and Sphere","floor":27,"turns":6},{"damage":13,"enemies":"Chosen and Byrds","floor":28,"turns":2}],"event_choices":[{"event_name":"Upgrade Shrine","player_choice":"Upgraded","floor":2,"damage_taken":0},{"event_name":"Shining Light","player_choice":"Entered Light","floor":3,"damage_taken":0},{"event_name":"Mushrooms","player_choice":"Fought Mushrooms","floor":8,"damage_taken":0},{"event_name":"Addict","player_choice":"Obtained Relic","floor":19,"damage_taken":0},{"event_name":"Accursed Blacksmith","player_choice":"Forge","floor":24,"damage_taken":0}],"boss_relics":[{"not_picked":["Snecko Eye","Philosopher\u0027s Stone"],"picked":"Lizard Tail"}],"potions_floor_spawned":[8,12,22,27],"seed_played":"7453349462201772068","killed_by":"Chosen and Byrds","ascension_level":0,"is_trial":false}