{"gold_per_floor":[119,119,137,137,153,153,186,71,71,86,96,96],"floor_reached":12,"playtime":979,"items_purged":["Defend_B"],"score":112,"play_id":"050e74ee-c3d1-4134-adad-f922e8e6298f","local_time":"20181010202803","is_ascension_mode":true,"campfire_choices":[{"data":"Biased Cognition","floor":6,"key":"SMITH"}],"neow_cost":"TEN_PERCENT_HP_LOSS","seed_source_timestamp":605459553562144,"circlet_count":0,"master_deck":["Strike_B","Strike_B","Strike_B","Defend_B","Defend_B","Defend_B","Zap","Dualcast","Biased Cognition+1","Heatsinks","Leap","BootSequence","FTL","Static Discharge","Force Field","Seek"],"relics":["Cracked Core","Sundial","Orichalcum"],"potions_floor_usage":[11,11],"damage_taken":[{"damage":6,"enemies":"Jaw Worm","floor":1,"turns":4},{"damage":5,"enemies":"Small Slimes","floor":3,"turns":4},{"damage":3,"enemies":"2 Louse","floor":5,"turns":3},{"damage":21,"enemies":"3 Sentries","floor":7,"turns":9},{"damage":8,"enemies":"Blue Slaver","floor":10,"turns":4},{"damage":4,"enemies":"2 Fungi Beasts","floor":11,"turns":3},{"damage":22,"enemies":"Gremlin Nob","floor":12,"turns":3}],"seed_played":"6750354252505362813","potions_obtained":[{"floor":3,"key":"Poison Potion"},{"floor":5,"key":"FearPotion"},{"floor":7,"key":"FocusPotion"}],"is_trial":false,"path_per_floor":["M","?","M","?","M","R","E","$","T","M","M"],"character_chosen":"DEFECT","items_purchased":["Static Discharge"],"campfire_rested":0,"item_purchase_floors":[8],"current_hp_per_floor":[62,55,50,55,52,52,31,31,31,23,19,0],"gold":96,"neow_bonus":"THREE_RARE_CARDS","is_prod":false,"is_daily":false,"chose_seed":false,"campfire_upgraded":1,"win_rate":0,"timestamp":1539217683,"path_taken":["M","?","M","?","M","R","E","$","T","M","?","E"],"build_version":"2018-10-04v2","purchased_purges":1,"victory":false,"max_hp_per_floor":[68,68,68,73,73,73,73,73,73,73,73,73],"card_choices":[{"not_picked":["Hyperbeam","Meteor Strike"],"picked":"Biased Cognition","floor":0},{"not_picked":["Beam Cell","Turbo"],"picked":"Heatsinks","floor":1},{"not_picked":["Doom and Gloom","Turbo"],"picked":"Leap","floor":3},{"not_picked":["Blizzard","Chaos"],"picked":"BootSequence","floor":5},{"not_picked":["Darkness","Go for the Eyes"],"picked":"FTL","floor":7},{"not_picked":["Sweeping Beam","Beam Cell"],"picked":"Force Field","floor":10},{"not_picked":["Gash","Reinforced Body"],"picked":"Seek","floor":11}],"player_experience":580972,"relics_obtained":[{"floor":7,"key":"Sundial"},{"floor":9,"key":"Orichalcum"}],"event_choices":[{"event_name":"Golden Wing","player_choice":"Card Removal","floor":2,"damage_taken":0},{"event_name":"Big Fish","player_choice":"Donut","floor":4,"damage_taken":0}],"is_beta":false,"boss_relics":[],"items_purged_floors":[8],"is_endless":false,"potions_floor_spawned":[3,5,7],"killed_by":"Gremlin Nob","ascension_level":8}