{"gold_per_floor":[11,24,24,24,39,39,52,110,110,110,145,157,176,190,190,285,335,351,450,130,145,162,162,173,173,173,207,207,222,237,237,237,342,342,359,85,98,143,143,156,256,270,270,32,43,43,43,69,69,69,69,69,69,94,94],"floor_reached":56,"playtime":3923,"items_purged":["Strike_B"],"score":1336,"play_id":"7c92f90b-bb99-4c1f-bf58-0d74d27de11e","local_time":"20181219140136","is_ascension_mode":false,"campfire_choices":[{"data":"Zap","floor":6.0,"key":"SMITH"},{"data":"Defragment","floor":10.0,"key":"SMITH"},{"data":"Dualcast","floor":15.0,"key":"SMITH"},{"data":"Defragment","floor":23.0,"key":"SMITH"},{"data":"Machine Learning","floor":28.0,"key":"SMITH"},{"floor":32.0,"key":"REST"},{"floor":46.0,"key":"RECALL"},{"floor":49.0,"key":"REST"},{"data":"Parasite","floor":52.0,"key":"PURGE"}],"neow_cost":"NO_GOLD","seed_source_timestamp":156912262998994,"circlet_count":0,"master_deck":["Strike_B","Strike_B","Defend_B","Defend_B","Defend_B","Zap+1","Dualcast+1","Stack","Conserve Battery","Storm","Cold Snap","Coolheaded+1","Defragment+1","Glacier","Coolheaded","Cold Snap","Machine Learning+1","Barrage","Capacitor","Defragment+1","Panacea","Compile Driver+1","Blizzard","Creative AI","Go for the Eyes+1","Biased Cognition","Panacea","Defragment+1","Panacea"],"special_seed":0,"relics":["Cracked Core","Singing Bowl","Tiny Chest","FossilizedHelix","Torii","Tiny House","Bronze Scales","Bag of Marbles","Mango","Peace Pipe","Sozu","DollysMirror","Dead Branch","Prayer Wheel","Bag of Preparation","Pantograph","Juzu Bracelet","StoneCalendar"],"potions_floor_usage":[55],"damage_taken":[{"damage":0.0,"enemies":"Cultist","floor":1.0,"turns":3.0},{"damage":4.0,"enemies":"Jaw Worm","floor":2.0,"turns":3.0},{"damage":1.0,"enemies":"Small Slimes","floor":5.0,"turns":4.0},{"damage":6.0,"enemies":"Looter","floor":7.0,"turns":4.0},{"damage":26.0,"enemies":"Gremlin Nob","floor":8.0,"turns":5.0},{"damage":0.0,"enemies":"Lagavulin","floor":11.0,"turns":8.0},{"damage":0.0,"enemies":"Gremlin Gang","floor":12.0,"turns":7.0},{"damage":0.0,"enemies":"Exordium Wildlife","floor":13.0,"turns":3.0},{"damage":0.0,"enemies":"Looter","floor":14.0,"turns":4.0},{"damage":0.0,"enemies":"Slime Boss","floor":16.0,"turns":18.0},{"damage":0.0,"enemies":"Chosen","floor":18.0,"turns":5.0},{"damage":1.0,"enemies":"Shell Parasite","floor":21.0,"turns":8.0},{"damage":11.0,"enemies":"3 Cultists","floor":22.0,"turns":6.0},{"damage":0.0,"enemies":"Snecko","floor":24.0,"turns":5.0},{"damage":18.0,"enemies":"Gremlin Leader","floor":27.0,"turns":6.0},{"damage":9.0,"enemies":"Centurion and Healer","floor":29.0,"turns":12.0},{"damage":18.0,"enemies":"Sentry and Sphere","floor":30.0,"turns":6.0},{"damage":19.0,"enemies":"Champ","floor":33.0,"turns":12.0},{"damage":0.0,"enemies":"Orb Walker","floor":35.0,"turns":3.0},{"damage":0.0,"enemies":"3 Shapes","floor":37.0,"turns":5.0},{"damage":34.0,"enemies":"2 Orb Walkers","floor":38.0,"turns":7.0},{"damage":0.0,"enemies":"Writhing Mass","floor":40.0,"turns":7.0},{"damage":21.0,"enemies":"Mind Bloom Boss Battle","floor":41.0,"turns":7.0},{"damage":9.0,"enemies":"4 Shapes","floor":42.0,"turns":5.0},{"damage":20.0,"enemies":"3 Darklings","floor":45.0,"turns":4.0},{"damage":0.0,"enemies":"Time Eater","floor":50.0,"turns":11.0},{"damage":26,"enemies":"Shield and Spear","floor":54,"turns":9},{"damage":32,"enemies":"The Heart","floor":55,"turns":11}],"seed_played":"3696365412848793810","potions_obtained":[{"floor":1.0,"key":"EntropicBrew"},{"floor":8.0,"key":"EntropicBrew"},{"floor":14.0,"key":"Ancient Potion"},{"floor":16.0,"key":"AttackPotion"},{"floor":17.0,"key":"PowerPotion"},{"floor":33.0,"key":"SpeedPotion"}],"is_trial":false,"path_per_floor":["M","M","T","?","M","R","M","E","T","R","E","M","M","M","R","B",null,"M","?","$","M","M","R","M","?","T","E","R","M","M","T","R","B",null,"M","$","M","?","?","M","?","M","T","$","M","R","?","T","R","B",null,"R","$","E","B",null],"character_chosen":"DEFECT","items_purchased":["Defragment","Bronze Scales","Panacea","DollysMirror","Pantograph"],"campfire_rested":2,"item_purchase_floors":[20,20,20,36,44],"current_hp_per_floor":[75,71,71,71,70,70,64,38,38,38,38,40,42,42,42,42,84,84,84,84,85,74,74,76,76,76,72,72,63,45,45,75,56,102,104,104,106,72,72,74,55,50,50,50,34,34,34,34,69,94,118,115,115,91,84],"gold":94,"neow_bonus":"TRANSFORM_TWO_CARDS","is_prod":false,"is_daily":false,"chose_seed":false,"campfire_upgraded":5,"win_rate":0,"timestamp":1545246096,"path_taken":["M","M","?","?","?","R","M","E","T","R","E","M","M","?","R","BOSS","M","?","$","M","M","R","M","?","T","E","R","M","?","?","R","BOSS","M","$","M","?","?","M","?","M","T","$","?","R","?","?","R","BOSS","R","$","E","BOSS"],"build_version":"2018-12-17","purchased_purges":1,"victory":true,"max_hp_per_floor":[75,75,75,75,75,75,75,75,75,75,75,77,79,79,79,79,84,84,84,84,86,86,86,88,88,88,102,102,102,102,102,102,102,102,104,104,106,106,106,108,110,114,114,114,118,118,118,118,118,118,118,115,115,117,117],"card_choices":[{"not_picked":["Rip and Tear","Steam"],"picked":"Storm","floor":1.0},{"not_picked":["Beam Cell","Rebound"],"picked":"Cold Snap","floor":2.0},{"not_picked":["Lockon","Leap"],"picked":"Coolheaded","floor":5.0},{"not_picked":["FTL","Beam Cell"],"picked":"Defragment","floor":7.0},{"not_picked":["Barrage","Reprogram"],"picked":"Glacier","floor":8.0},{"not_picked":["Skim","Gash"],"picked":"Coolheaded","floor":11.0},{"not_picked":["Beam Cell","Reinforced Body","Aggregate"],"picked":"Singing Bowl","floor":12.0},{"not_picked":["Steam Power","Rebound","Hyperbeam"],"picked":"Singing Bowl","floor":13.0},{"not_picked":["Stack","Glacier"],"picked":"Cold Snap","floor":14.0},{"not_picked":["Biased Cognition","Amplify"],"picked":"Machine Learning","floor":16.0},{"not_picked":["Turbo","Tempest"],"picked":"Barrage","floor":17.0},{"not_picked":["Hologram","Consume"],"picked":"Capacitor","floor":18.0},{"not_picked":["Turbo+1","Coolheaded","Scrape+1"],"picked":"Singing Bowl","floor":21.0},{"not_picked":["Gash","Reprogram"],"picked":"Compile Driver+1","floor":22.0},{"not_picked":["Undo","Stack","Rebound+1"],"picked":"Singing Bowl","floor":24.0},{"not_picked":["Steam+1","Beam Cell"],"picked":"Creative AI","floor":27.0},{"not_picked":["Aggregate","Leap+1"],"picked":"Lockon","floor":29.0},{"not_picked":["Chaos","Reinforced Body+1"],"picked":"Go for the Eyes+1","floor":30.0},{"not_picked":["Creative AI","Multi-Cast"],"picked":"Biased Cognition","floor":33.0},{"not_picked":["Streamline+1","Hologram+1","Genetic Algorithm+1"],"picked":"Singing Bowl","floor":35.0},{"not_picked":["Barrage","Rebound+1","Coolheaded+1"],"picked":"Singing Bowl","floor":37.0},{"not_picked":["Barrage+1","Undo"],"picked":"Defragment+1","floor":38.0},{"not_picked":["Redo","Gash+1","Skim"],"picked":"Singing Bowl","floor":40.0},{"not_picked":["Ball Lightning+1","Reinforced Body","Compile Driver"],"picked":"Singing Bowl","floor":41.0},{"not_picked":["Storm+1","Turbo","Hologram+1"],"picked":"Singing Bowl","floor":42.0},{"not_picked":["Cold Snap","Hologram","Stack+1"],"picked":"Singing Bowl","floor":42.0},{"not_picked":["Buffer","Fusion","Streamline+1"],"picked":"Singing Bowl","floor":45.0},{"not_picked":["Barrage","Cold Snap","Hello World"],"picked":"Singing Bowl","floor":45.0},{"not_picked":["Flash of Steel","Enlightenment"],"picked":"Panacea","floor":47.0},{"not_picked":["Cold Snap+1","Go for the Eyes","BootSequence+1"],"picked":"Singing Bowl","floor":54}],"player_experience":487222,"relics_obtained":[{"floor":8.0,"key":"Tiny Chest"},{"floor":9.0,"key":"FossilizedHelix"},{"floor":11.0,"key":"Torii"},{"floor":26.0,"key":"Bag of Marbles"},{"floor":27.0,"key":"Mango"},{"floor":31.0,"key":"Peace Pipe"},{"floor":38.0,"key":"Dead Branch"},{"floor":41.0,"key":"Prayer Wheel"},{"floor":43.0,"key":"Bag of Preparation"},{"floor":48.0,"key":"Juzu Bracelet"},{"floor":54,"key":"StoneCalendar"}],"event_choices":[{"damage_healed":0.0,"max_hp_gain":0.0,"max_hp_loss":0.0,"gold_gain":0.0,"event_name":"WeMeetAgain","player_choice":"Gave Potion","floor":4.0,"gold_loss":0.0,"damage_taken":0.0,"relics_obtained":["Singing Bowl"]},{"damage_healed":0.0,"max_hp_gain":0.0,"max_hp_loss":0.0,"gold_gain":99.0,"event_name":"Nest","player_choice":"Stole From Cult","floor":19.0,"gold_loss":0.0,"damage_taken":0.0},{"damage_healed":0.0,"max_hp_gain":0.0,"max_hp_loss":0.0,"gold_gain":0.0,"event_name":"Match and Keep!","player_choice":"1 cards matched","floor":25.0,"gold_loss":0.0,"damage_taken":0.0,"cards_obtained":["Blizzard"]},{"damage_healed":0.0,"max_hp_gain":0.0,"max_hp_loss":0.0,"gold_gain":0.0,"event_name":"Mysterious Sphere","player_choice":"Fight","floor":38.0,"gold_loss":0.0,"damage_taken":0.0},{"cards_removed":["Lockon"],"damage_healed":0.0,"max_hp_gain":0.0,"max_hp_loss":0.0,"gold_gain":0.0,"event_name":"Falling","player_choice":"Removed Attack","floor":39.0,"gold_loss":0.0,"damage_taken":0.0},{"damage_healed":0.0,"max_hp_gain":0.0,"max_hp_loss":0.0,"gold_gain":0.0,"event_name":"MindBloom","player_choice":"Fight","floor":41.0,"gold_loss":0.0,"damage_taken":0.0},{"damage_healed":0.0,"max_hp_gain":0.0,"max_hp_loss":0.0,"gold_gain":0.0,"event_name":"SensoryStone","player_choice":"Memory 1","floor":47.0,"gold_loss":0.0,"damage_taken":0.0}],"is_beta":true,"boss_relics":[{"not_picked":["White Beast Statue","Fusion Hammer"],"picked":"Tiny House"},{"not_picked":["Empty Cage","Nuclear Battery"],"picked":"Sozu"}],"items_purged_floors":[36],"is_endless":false,"potions_floor_spawned":[1,8,14,16,21,22,24,33,37,42,54],"ascension_level":0}