{"gold_per_floor":[209,189,205,60,73,99,99,129,152,152,171,188,188],"floor_reached":13,"playtime":1279,"items_purged":[],"score":128,"play_id":"36cb646a-027c-42aa-bcd5-557d43774c40","local_time":"20190211192317","is_ascension_mode":true,"campfire_choices":[{"floor":7,"key":"REST"},{"data":"Backflip","floor":10,"key":"SMITH"}],"neow_cost":"NONE","seed_source_timestamp":183285418182599,"circlet_count":0,"master_deck":["Defend_G","Defend_G","Defend_G","Defend_G","Defend_G","Strike_G","Strike_G","Strike_G","Strike_G","Strike_G","Survivor","Neutralize","Deflect","Prepared","Poisoned Stab","Backflip+1","Deflect","Caltrops","Sucker Punch"],"relics":["Ring of the Snake","Oddly Smooth Stone","Regal Pillow","Smiling Mask","Omamori"],"potions_floor_usage":[6,6,6,13],"damage_taken":[{"damage":0,"enemies":"Jaw Worm","floor":1,"turns":5},{"damage":3,"enemies":"Cultist","floor":3,"turns":6},{"damage":0,"enemies":"Small Slimes","floor":5,"turns":6},{"damage":25,"enemies":"Gremlin Nob","floor":6,"turns":6},{"damage":25,"enemies":"3 Sentries","floor":8,"turns":15},{"damage":15,"enemies":"2 Fungi Beasts","floor":11,"turns":4},{"damage":4,"enemies":"3 Louse","floor":12,"turns":5},{"damage":28,"enemies":"Lagavulin","floor":13,"turns":12}],"seed_played":"581157772338961451","potions_obtained":[{"floor":1,"key":"Weak Potion"},{"floor":2,"key":"Swift Potion"},{"floor":5,"key":"SpeedPotion"},{"floor":8,"key":"GhostInAJar"}],"is_trial":false,"path_per_floor":["M","?","M","$","M","E","R","E","T","R","M","M","E"],"character_chosen":"THE_SILENT","items_purchased":["Oddly Smooth Stone"],"campfire_rested":1,"item_purchase_floors":[4],"current_hp_per_floor":[63,63,60,60,60,35,70,45,45,45,30,26,0],"gold":188,"neow_bonus":"HUNDRED_GOLD","is_prod":false,"is_daily":false,"chose_seed":false,"campfire_upgraded":1,"win_rate":0,"timestamp":1549909397,"path_taken":["M","?","M","$","M","E","R","E","T","R","M","M","E"],"build_version":"2019-01-23","purchased_purges":0,"victory":false,"max_hp_per_floor":[70,70,70,70,70,70,70,70,70,70,70,70,70],"card_choices":[{"not_picked":["Heel Hook","Blade Dance"],"picked":"Deflect","floor":1},{"not_picked":["Finisher","Crippling Poison"],"picked":"Prepared","floor":3},{"not_picked":["Deadly Poison","Underhanded Strike"],"picked":"Poisoned Stab","floor":5},{"not_picked":["Bane","Prepared"],"picked":"Backflip","floor":6},{"not_picked":["A Thousand Cuts","Outmaneuver"],"picked":"Deflect","floor":8},{"not_picked":["Outmaneuver","Finisher"],"picked":"Caltrops","floor":11},{"not_picked":["Poisoned Stab","Backflip"],"picked":"Sucker Punch","floor":12}],"player_experience":440584,"relics_obtained":[{"floor":6,"key":"Regal Pillow"},{"floor":8,"key":"Smiling Mask"},{"floor":9,"key":"Omamori"}],"event_choices":[{"damage_healed":0,"gold_gain":0,"player_choice":"Bought 1 Potion","damage_taken":0,"max_hp_gain":0,"max_hp_loss":0,"event_name":"The Woman in Blue","floor":2,"gold_loss":0}],"is_beta":false,"boss_relics":[],"items_purged_floors":[],"is_endless":false,"potions_floor_spawned":[1,5,8],"killed_by":"Lagavulin","ascension_level":7}