{"gold_per_floor":[118,135,153,166,266,266,300,312,338,353,365,365,380,213,213,318,318,329,347,358,392,404,404,404],"floor_reached":24,"playtime":2607,"items_purged":["Defend_R"],"score":229,"play_id":"f27bfa60-20db-48fc-ba34-ce4cbd769a2f","local_time":"20181226163027","is_ascension_mode":false,"campfire_choices":[{"data":"Bash","floor":6,"key":"SMITH"},{"data":"Fire Breathing","floor":12,"key":"SMITH"},{"floor":15,"key":"REST"},{"floor":23,"key":"REST"}],"neow_cost":"NONE","seed_source_timestamp":509109360623331,"circlet_count":0,"master_deck":["Strike_R","Strike_R","Strike_R","Strike_R","Strike_R","Defend_R","Defend_R","Bash+1","Iron Wave","Fire Breathing+1","Sever Soul","Warcry","Feed","Shockwave","Flex","Flex","Shrug It Off","Dark Shackles","Limit Break","Flex+1"],"relics":["Burning Blood","Pear","Lantern","Runic Pyramid","Red Mask"],"potions_floor_usage":[16,16,21,21,21,22],"damage_taken":[{"damage":10,"enemies":"Jaw Worm","floor":1,"turns":4},{"damage":6,"enemies":"Cultist","floor":2,"turns":3},{"damage":7,"enemies":"Small Slimes","floor":3,"turns":3},{"damage":9,"enemies":"3 Louse","floor":4,"turns":3},{"damage":39,"enemies":"3 Sentries","floor":7,"turns":8},{"damage":11,"enemies":"Blue Slaver","floor":8,"turns":4},{"damage":12,"enemies":"Looter","floor":10,"turns":3},{"damage":7,"enemies":"Large Slime","floor":11,"turns":4},{"damage":9,"enemies":"2 Fungi Beasts","floor":13,"turns":2},{"damage":54,"enemies":"Hexaghost","floor":16,"turns":12},{"damage":40,"enemies":"Spheric Guardian","floor":18,"turns":6},{"damage":23,"enemies":"2 Thieves","floor":19,"turns":4},{"damage":16,"enemies":"Centurion and Healer","floor":20,"turns":6},{"damage":15,"enemies":"Masked Bandits","floor":21,"turns":5},{"damage":37,"enemies":"Sentry and Sphere","floor":22,"turns":6},{"damage":45,"enemies":"Gremlin Leader","floor":24,"turns":4}],"seed_played":"-7055665379523207668","potions_obtained":[{"floor":1,"key":"Block Potion"},{"floor":3,"key":"Strength Potion"},{"floor":10,"key":"Weak Potion"},{"floor":16,"key":"Ancient Potion"},{"floor":20,"key":"SkillPotion"},{"floor":21,"key":"SpeedPotion"},{"floor":22,"key":"SpeedPotion"}],"is_trial":false,"path_per_floor":["M","M","M","M","?","R","E","M","T","M","M","R","M","$","R","B",null,"M","M","M","?","M","R","E"],"character_chosen":"IRONCLAD","items_purchased":["Dark Shackles"],"campfire_rested":2,"item_purchase_floors":[14],"current_hp_per_floor":[76,76,75,72,72,72,49,44,44,41,43,43,40,40,68,20,96,65,51,44,38,7,39,0],"gold":404,"neow_bonus":"REMOVE_CARD","is_prod":false,"is_daily":false,"chose_seed":false,"campfire_upgraded":2,"win_rate":0.0,"timestamp":1545870627,"path_taken":["M","M","M","M","?","R","E","M","T","M","M","R","?","$","R","BOSS","M","M","?","?","M","R","E"],"build_version":"2018-12-20","purchased_purges":1,"victory":false,"max_hp_per_floor":[80,80,80,80,80,80,90,90,90,93,96,96,96,96,96,96,96,99,102,105,108,108,108,108],"card_choices":[{"not_picked":["Feel No Pain","Reckless Charge"],"picked":"Iron Wave","floor":1},{"not_picked":["Clash","True Grit"],"picked":"Fire Breathing","floor":2},{"not_picked":["Second Wind","Pommel Strike"],"picked":"Sever Soul","floor":3},{"not_picked":["Body Slam","Sword Boomerang"],"picked":"Warcry","floor":4},{"not_picked":["Anger","Warcry"],"picked":"Feed","floor":7},{"not_picked":["Ghostly Armor","Headbutt"],"picked":"Shockwave","floor":8},{"not_picked":["Armaments","Clash"],"picked":"Flex","floor":10},{"not_picked":["Perfected Strike","Armaments"],"picked":"Flex","floor":11},{"not_picked":["Feed","Headbutt"],"picked":"Shrug It Off","floor":13},{"not_picked":["Bludgeon","Fiend Fire"],"picked":"Limit Break","floor":16},{"not_picked":["True Grit+1","Clash","Body Slam"],"picked":"SKIP","floor":18},{"not_picked":["Clash","Sword Boomerang"],"picked":"Flex+1","floor":19},{"not_picked":["Uppercut","Combust","Feel No Pain"],"picked":"SKIP","floor":20},{"not_picked":["Cleave","Perfected Strike+1","Uppercut+1"],"picked":"SKIP","floor":22}],"player_experience":15642,"relics_obtained":[{"floor":7,"key":"Pear"},{"floor":9,"key":"Lantern"},{"floor":21,"key":"Red Mask"}],"event_choices":[{"damage_healed":0,"gold_gain":100,"player_choice":"Pray","damage_taken":0,"max_hp_gain":0,"max_hp_loss":0,"event_name":"Golden Shrine","floor":5,"gold_loss":0},{"damage_healed":0,"gold_gain":0,"player_choice":"Fought Bandits","damage_taken":0,"max_hp_gain":0,"max_hp_loss":0,"event_name":"Masked Bandits","floor":21,"gold_loss":0}],"is_beta":false,"boss_relics":[{"not_picked":["Snecko Eye","Runic Cube"],"picked":"Runic Pyramid"}],"items_purged_floors":[14],"is_endless":false,"potions_floor_spawned":[1,3,10,13,16,20,21,22],"killed_by":"Gremlin Leader","ascension_level":0}