{"gold_per_floor":[109,34,51,69,69,69,96,96,169,182,203,203],"floor_reached":12,"playtime":769,"items_purged":["Decay"],"score":144,"play_id":"23744f34-17e9-4fb9-add6-246baf0870b8","local_time":"20190201232802","is_ascension_mode":true,"campfire_choices":[{"data":"Armaments","floor":6,"key":"SMITH"},{"floor":8,"key":"REST"}],"neow_cost":"CURSE","seed_source_timestamp":538546802552743,"circlet_count":0,"master_deck":["AscendersBane","Strike_R","Strike_R","Strike_R","Strike_R","Strike_R","Defend_R","Defend_R","Defend_R","Defend_R","Bash","Offering","Seeing Red","Whirlwind","Armaments+1","Metallicize","Body Slam"],"relics":["Burning Blood","Oddly Smooth Stone","Bottled Flame","Odd Mushroom"],"potions_floor_usage":[12,12],"damage_taken":[{"damage":6,"enemies":"Cultist","floor":1,"turns":2},{"damage":15,"enemies":"Jaw Worm","floor":3,"turns":4},{"damage":6,"enemies":"2 Louse","floor":4,"turns":2},{"damage":52,"enemies":"Gremlin Nob","floor":7,"turns":5},{"damage":6,"enemies":"Exordium Thugs","floor":10,"turns":3},{"damage":32,"enemies":"The Mushroom Lair","floor":11,"turns":6},{"damage":20,"enemies":"3 Sentries","floor":12,"turns":5}],"seed_played":"7380825539444330299","potions_obtained":[{"floor":3,"key":"Energy Potion"},{"floor":11,"key":"Block Potion"}],"is_trial":false,"path_per_floor":["M","$","M","M","?","R","E","R","T","M","?","E"],"character_chosen":"IRONCLAD","items_purchased":[],"campfire_rested":1,"item_purchase_floors":[],"current_hp_per_floor":[68,68,59,59,64,64,18,42,42,42,16,0],"gold":203,"neow_bonus":"THREE_RARE_CARDS","is_prod":false,"is_daily":false,"chose_seed":false,"campfire_upgraded":1,"win_rate":0,"timestamp":1549081682,"path_taken":["M","$","M","M","?","R","E","R","T","M","?","E"],"build_version":"2019-01-23","purchased_purges":1,"victory":false,"max_hp_per_floor":[75,75,75,75,80,80,80,80,80,80,80,80],"card_choices":[{"not_picked":["Dark Embrace","Double Tap"],"picked":"Offering","floor":0},{"not_picked":["Flex","Rupture"],"picked":"Seeing Red","floor":1},{"not_picked":["Pommel Strike","Havoc"],"picked":"Whirlwind","floor":3},{"not_picked":["Cleave","Clothesline"],"picked":"Armaments","floor":4},{"not_picked":["Feel No Pain","Infernal Blade","Burning Pact"],"picked":"SKIP","floor":7},{"not_picked":["Hemokinesis","Armaments"],"picked":"Metallicize","floor":10},{"not_picked":["Sword Boomerang","Anger"],"picked":"Body Slam","floor":11}],"player_experience":970190,"relics_obtained":[{"floor":7,"key":"Oddly Smooth Stone"},{"floor":9,"key":"Bottled Flame"},{"floor":11,"key":"Odd Mushroom"}],"event_choices":[{"damage_healed":0,"gold_gain":0,"player_choice":"Donut","damage_taken":0,"max_hp_gain":5,"max_hp_loss":0,"event_name":"Big Fish","floor":5,"gold_loss":0},{"damage_healed":0,"gold_gain":0,"player_choice":"Fought Mushrooms","damage_taken":0,"max_hp_gain":0,"max_hp_loss":0,"event_name":"Mushrooms","floor":11,"gold_loss":0}],"is_beta":false,"boss_relics":[],"items_purged_floors":[2],"is_endless":false,"potions_floor_spawned":[3,11],"killed_by":"3 Sentries","ascension_level":17}