{"gold_per_floor":[109,184,203,203,216,245,52,67,67,83,8,8,17,29,29,126,126,139,153,184,184],"floor_reached":21,"playtime":1644,"items_purged":["Strike_G"],"score":265,"play_id":"a02bf649-ee14-4b20-863f-ab421c1f09de","local_time":"20181017194349","is_ascension_mode":true,"campfire_choices":[{"floor":15.0,"key":"REST"}],"neow_cost":"NONE","seed_source_timestamp":0,"circlet_count":0,"master_deck":["Defend_G","Defend_G","Defend_G","Defend_G","Defend_G","Strike_G","Strike_G","Survivor","Neutralize","Skewer","Deflect","Deadly Poison","Finisher","Apotheosis","Poisoned Stab","Quick Slash","Dodge and Roll+1","Tools of the Trade","Adrenaline+1","PiercingWail+1","Backflip+1","Quick Slash"],"special_seed":0,"relics":["Ring of the Snake","NeowsBlessing","Pen Nib","Toxic Egg 2","Velvet Choker","Red Mask"],"potions_floor_usage":[],"damage_taken":[{"damage":0.0,"enemies":"Cultist","floor":1.0,"turns":1.0},{"damage":0.0,"enemies":"2 Louse","floor":3.0,"turns":1.0},{"damage":0.0,"enemies":"Jaw Worm","floor":5.0,"turns":1.0},{"damage":35.0,"enemies":"Lagavulin","floor":6.0,"turns":10.0},{"damage":14.0,"enemies":"Red Slaver","floor":8.0,"turns":7.0},{"damage":5.0,"enemies":"Looter","floor":10.0,"turns":3.0},{"damage":3.0,"enemies":"Exordium Thugs","floor":13.0,"turns":4.0},{"damage":0.0,"enemies":"Blue Slaver","floor":14.0,"turns":4.0},{"damage":10.0,"enemies":"Hexaghost","floor":16.0,"turns":8.0},{"damage":8.0,"enemies":"2 Thieves","floor":18.0,"turns":3.0},{"damage":0.0,"enemies":"Spheric Guardian","floor":19.0,"turns":5.0},{"damage":37.0,"enemies":"Masked Bandits","floor":20.0,"turns":7.0},{"damage":12,"enemies":"Cultist and Chosen","floor":21,"turns":4}],"seed_played":"1609849114869999490","potions_obtained":[{"floor":3.0,"key":"Strength Potion"},{"floor":5.0,"key":"GhostInAJar"},{"floor":8.0,"key":"Regen Potion"},{"floor":10.0,"key":"SteroidPotion"},{"floor":16.0,"key":"SkillPotion"},{"floor":19.0,"key":"EntropicBrew"},{"floor":20.0,"key":"Poison Potion"}],"is_trial":false,"path_per_floor":["M","?","M","?","M","E","$","M","T","M","$","?","M","M","R","B",null,"M","M","?"],"character_chosen":"THE_SILENT","items_purchased":["Apotheosis"],"campfire_rested":1,"item_purchase_floors":[7],"current_hp_per_floor":[63,52,52,52,52,17,17,3,3,7,7,7,4,4,25,15,56,48,48,11,0],"gold":184,"neow_bonus":"THREE_ENEMY_KILL","is_prod":false,"is_daily":false,"chose_seed":false,"campfire_upgraded":0,"win_rate":0,"timestamp":1539819829,"path_taken":["M","?","?","?","M","E","$","M","T","M","?","?","M","M","R","BOSS","M","M","?","M"],"build_version":"2018-10-11","purchased_purges":1,"victory":false,"max_hp_per_floor":[70,70,70,70,70,70,70,70,70,70,70,70,70,70,70,70,70,70,70,70,70],"card_choices":[{"not_picked":["Outmaneuver","Blade Dance"],"picked":"Skewer","floor":1.0},{"not_picked":["Finisher","Flying Knee"],"picked":"Deflect","floor":3.0},{"not_picked":["Poisoned Stab","Sucker Punch"],"picked":"Deadly Poison","floor":5.0},{"not_picked":["Quick Slash","Reflex"],"picked":"Finisher","floor":6.0},{"not_picked":["Bane","Prepared"],"picked":"Poisoned Stab","floor":8.0},{"not_picked":["Infinite Blades","Catalyst+1"],"picked":"Quick Slash","floor":10.0},{"not_picked":["Accuracy","Backstab"],"picked":"Dodge and Roll+1","floor":13.0},{"not_picked":["Dagger Spray","Slice"],"picked":"Tools of the Trade","floor":14.0},{"not_picked":["Unload","Grand Finale"],"picked":"Adrenaline+1","floor":16.0},{"not_picked":["Riddle With Holes+1","Dagger Spray"],"picked":"PiercingWail+1","floor":18.0},{"not_picked":["Quick Slash","Dagger Spray"],"picked":"Backflip+1","floor":19.0},{"not_picked":["Catalyst+1","Deflect+1"],"picked":"Quick Slash","floor":20.0}],"player_experience":612237,"relics_obtained":[{"floor":6.0,"key":"Pen Nib"},{"floor":9.0,"key":"Toxic Egg 2"},{"floor":20.0,"key":"Red Mask"}],"event_choices":[{"event_name":"World of Goop","player_choice":"Gather Gold","floor":2.0,"damage_taken":0.0},{"event_name":"Living Wall","player_choice":"Forget","floor":4.0,"damage_taken":0.0},{"event_name":"Purifier","player_choice":"One Purge","floor":12.0,"damage_taken":0.0},{"event_name":"Masked Bandits","player_choice":"Fought Bandits","floor":20.0,"damage_taken":0.0}],"is_beta":false,"boss_relics":[{"not_picked":["Calling Bell","Pandora\u0027s Box"],"picked":"Velvet Choker"}],"items_purged_floors":[11],"is_endless":false,"potions_floor_spawned":[3,5,8,10,16,19,20],"killed_by":"Cultist and Chosen","ascension_level":9}