{"gold_per_floor":[115,290,290,190,205,205,221,248,248,248,248,283,294,308,308,406,406,406,406,406,406,406,406,406,406,406,406,406,406,328,328,328,328,328,328,328,328,248,248,248,248,248,248,248,248,248,248,248,248,248],"floor_reached":50,"playtime":4695,"items_purged":["Strike_B","Strike_B"],"score":700,"play_id":"fca1efe4-f11b-4311-871f-3cba11ab2845","local_time":"20190202055646","is_ascension_mode":true,"campfire_choices":[{"data":"Sweeping Beam","floor":6.0,"key":"SMITH"},{"data":"Zap","floor":10.0,"key":"SMITH"},{"data":"Redo","floor":15.0,"key":"SMITH"},{"floor":25.0,"key":"REST"},{"data":"Biased Cognition","floor":28.0,"key":"SMITH"},{"data":"Glacier","floor":32.0,"key":"SMITH"},{"data":"Hologram","floor":41.0,"key":"SMITH"},{"floor":49,"key":"RECALL"}],"neow_cost":"NONE","seed_source_timestamp":116800851916353,"circlet_count":0,"master_deck":["Strike_B","Defend_B","Defend_B","Defend_B","Defend_B","Zap+1","Dualcast","Gash","Sweeping Beam+1","Ball Lightning+1","Self Repair+1","Sweeping Beam","Ball Lightning","Coolheaded","Redo+1","Biased Cognition+1","Coolheaded+1","Beam Cell+1","Darkness","Leap","Glacier+1","Gash+1","Leap","Fission","Electrodynamics","Double Energy+1","Beam Cell+1","Hologram+1","BootSequence+1","Turbo+1","Fusion","Ball Lightning+1","Coolheaded","Machine Learning","Echo Form"],"special_seed":0,"relics":["Cracked Core","Bag of Marbles","Singing Bowl","The Courier","Unceasing Top","Ectoplasm","Ice Cream","Dream Catcher","Orrery","Darkstone Periapt","Bottled Tornado"],"potions_floor_usage":[],"damage_taken":[{"damage":7.0,"enemies":"Jaw Worm","floor":1.0,"turns":3.0},{"damage":8.0,"enemies":"Small Slimes","floor":5.0,"turns":2.0},{"damage":0.0,"enemies":"2 Louse","floor":7.0,"turns":2.0},{"damage":18.0,"enemies":"Gremlin Nob","floor":8.0,"turns":3.0},{"damage":8.0,"enemies":"3 Sentries","floor":12.0,"turns":5.0},{"damage":7.0,"enemies":"Exordium Wildlife","floor":13.0,"turns":3.0},{"damage":7.0,"enemies":"Looter","floor":14.0,"turns":3.0},{"damage":29.0,"enemies":"The Guardian","floor":16.0,"turns":8.0},{"damage":9.0,"enemies":"Shell Parasite","floor":18.0,"turns":2.0},{"damage":14.0,"enemies":"3 Byrds","floor":20.0,"turns":3.0},{"damage":13.0,"enemies":"Centurion and Healer","floor":22.0,"turns":5.0},{"damage":24.0,"enemies":"Book of Stabbing","floor":23.0,"turns":4.0},{"damage":36.0,"enemies":"Snake Plant","floor":24.0,"turns":3.0},{"damage":0.0,"enemies":"Sentry and Sphere","floor":27.0,"turns":3.0},{"damage":6.0,"enemies":"Cultist and Chosen","floor":29.0,"turns":5.0},{"damage":7.0,"enemies":"Chosen and Byrds","floor":31.0,"turns":5.0},{"damage":11.0,"enemies":"Champ","floor":33.0,"turns":10.0},{"damage":1.0,"enemies":"Orb Walker","floor":35.0,"turns":2.0},{"damage":3.0,"enemies":"3 Darklings","floor":36.0,"turns":4.0},{"damage":0.0,"enemies":"Maw","floor":39.0,"turns":6.0},{"damage":30.0,"enemies":"Giant Head","floor":40.0,"turns":7.0},{"damage":28.0,"enemies":"Transient","floor":42.0,"turns":5.0},{"damage":15.0,"enemies":"Jaw Worm Horde","floor":44.0,"turns":4.0},{"damage":11.0,"enemies":"3 Darklings","floor":45.0,"turns":2.0},{"damage":16.0,"enemies":"Maw","floor":46.0,"turns":6.0},{"damage":31.0,"enemies":"Reptomancer","floor":47.0,"turns":9.0},{"damage":0,"enemies":"Transient","floor":48,"turns":5},{"damage":35,"enemies":"Donu and Deca","floor":50,"turns":5}],"seed_played":"-2856961632355541101","potions_obtained":[{"floor":5.0,"key":"SpeedPotion"},{"floor":7.0,"key":"Block Potion"},{"floor":12.0,"key":"Poison Potion"},{"floor":13.0,"key":"Poison Potion"},{"floor":18.0,"key":"Fire Potion"},{"floor":22.0,"key":"Block Potion"},{"floor":23.0,"key":"LiquidBronze"},{"floor":24.0,"key":"Ancient Potion"},{"floor":35.0,"key":"PowerPotion"},{"floor":39.0,"key":"FearPotion"},{"floor":42.0,"key":"EssenceOfSteel"},{"floor":46.0,"key":"Fruit Juice"}],"is_trial":false,"path_per_floor":["M","?","?","$","M","R","M","E","T","R","?","E","M","M","R","B",null,"M","?","M","?","M","E","M","R","T","M","R","M","$","M","R","B",null,"M","M","?","$","M","E","R","M","T","M","M","M","E","M","R","B"],"character_chosen":"DEFECT","items_purchased":["Sweeping Beam","Ball Lightning","Leap"],"campfire_rested":1,"item_purchase_floors":[4,4,30],"current_hp_per_floor":[68,68,68,68,60,60,60,51,51,51,36,28,31,34,34,15,77,70,70,66,66,63,49,23,46,46,56,56,60,60,65,65,64,83,82,83,83,83,83,63,63,47,47,44,45,39,23,35,35,0],"gold":248,"neow_bonus":"RANDOM_COMMON_RELIC","is_prod":false,"is_daily":false,"chose_seed":false,"campfire_upgraded":6,"win_rate":0,"timestamp":1549083406,"path_taken":["M","?","?","$","M","R","M","E","T","R","?","E","?","M","R","BOSS","M","?","M","?","M","E","M","R","T","M","R","M","$","M","R","BOSS","M","M","?","?","M","E","R","M","T","M","M","M","E","M","R","BOSS"],"build_version":"2019-01-23","purchased_purges":2,"victory":false,"max_hp_per_floor":[75,75,75,75,75,75,75,77,77,77,77,77,77,77,77,77,77,79,79,79,79,79,79,79,79,79,79,79,79,79,81,81,81,83,83,83,83,83,83,83,83,85,85,87,89,89,94,96,96,96],"card_choices":[{"not_picked":["Scrape","Leap"],"picked":"Gash","floor":1.0},{"not_picked":["Conserve Battery","Skim"],"picked":"Self Repair","floor":5.0},{"not_picked":["Chaos","Steam"],"picked":"Sweeping Beam","floor":7.0},{"not_picked":["Streamline","Storm","Stack"],"picked":"Singing Bowl","floor":8.0},{"not_picked":["Meteor Strike","Sweeping Beam"],"picked":"Ball Lightning","floor":12.0},{"not_picked":["Scrape","Steam"],"picked":"Coolheaded","floor":13.0},{"not_picked":["Heatsinks","Steam Power"],"picked":"Redo","floor":14.0},{"not_picked":["Hyperbeam","Multi-Cast"],"picked":"Biased Cognition","floor":16.0},{"not_picked":["Compile Driver","Rip and Tear","Beam Cell"],"picked":"Singing Bowl","floor":18.0},{"not_picked":["Chaos","Capacitor"],"picked":"Coolheaded+1","floor":20.0},{"not_picked":["Storm+1","Redo"],"picked":"Beam Cell+1","floor":22.0},{"not_picked":["Aggregate","Compile Driver"],"picked":"Darkness","floor":23.0},{"not_picked":["Rip and Tear","Turbo"],"picked":"Leap","floor":24.0},{"not_picked":["Static Discharge","Coolheaded"],"picked":"Glacier","floor":27.0},{"not_picked":["Stack","Conserve Battery+1"],"picked":"Gash+1","floor":29.0},{"not_picked":["Scrape+1","Steam","Storm"],"picked":"Singing Bowl","floor":31.0},{"not_picked":["Amplify","Reboot"],"picked":"Fission","floor":33.0},{"not_picked":["Conserve Battery","Turbo"],"picked":"Electrodynamics","floor":34.0},{"not_picked":["Streamline","Genetic Algorithm+1"],"picked":"Double Energy+1","floor":34.0},{"not_picked":["Leap","Conserve Battery"],"picked":"Beam Cell+1","floor":34.0},{"not_picked":["Coolheaded+1","Ball Lightning"],"picked":"Hologram","floor":34.0},{"not_picked":["Steam","Go for the Eyes","Rebound"],"picked":"Singing Bowl","floor":34.0},{"not_picked":["Cold Snap+1","Rainbow"],"picked":"BootSequence+1","floor":35.0},{"not_picked":["Self Repair+1","Sweeping Beam"],"picked":"Turbo+1","floor":36.0},{"not_picked":["Gash+1","Leap+1"],"picked":"Ball Lightning+1","floor":39.0},{"not_picked":["Turbo+1","Genetic Algorithm"],"picked":"Coolheaded","floor":40.0},{"not_picked":["Go for the Eyes","Chill","Double Energy+1"],"picked":"Singing Bowl","floor":42.0},{"not_picked":["Coolheaded","Cold Snap","Barrage+1"],"picked":"Singing Bowl","floor":44.0},{"not_picked":["Conserve Battery","Streamline","Cold Snap"],"picked":"Singing Bowl","floor":45.0},{"not_picked":["Storm+1","Steam Power+1"],"picked":"Machine Learning","floor":46.0},{"not_picked":["Defragment","Coolheaded"],"picked":"Echo Form","floor":47},{"not_picked":["Hello World+1","Aggregate","Melter+1"],"picked":"Singing Bowl","floor":48}],"player_experience":297373,"relics_obtained":[{"floor":8.0,"key":"Singing Bowl"},{"floor":9.0,"key":"The Courier"},{"floor":12.0,"key":"Unceasing Top"},{"floor":23.0,"key":"Ice Cream"},{"floor":26.0,"key":"Dream Catcher"},{"floor":40.0,"key":"Darkstone Periapt"},{"floor":47,"key":"Bottled Tornado"}],"event_choices":[{"damage_healed":0.0,"max_hp_gain":0.0,"max_hp_loss":0.0,"gold_gain":175.0,"event_name":"Liars Game","player_choice":"AGREE","floor":2.0,"gold_loss":0.0,"damage_taken":0.0,"cards_obtained":["Doubt"]},{"cards_removed":["Doubt"],"damage_healed":0.0,"max_hp_gain":0.0,"max_hp_loss":0.0,"gold_gain":0.0,"event_name":"Living Wall","player_choice":"Forget","floor":3.0,"gold_loss":0.0,"damage_taken":0.0},{"damage_healed":0.0,"max_hp_gain":0.0,"max_hp_loss":0.0,"gold_gain":0.0,"event_name":"Shining Light","player_choice":"Entered Light","floor":11.0,"gold_loss":0.0,"damage_taken":15.0,"cards_upgraded":["Self Repair","Ball Lightning"]},{"damage_healed":0.0,"max_hp_gain":0.0,"max_hp_loss":0.0,"gold_gain":0.0,"event_name":"The Mausoleum","player_choice":"Ignored","floor":19.0,"gold_loss":0.0,"damage_taken":0.0},{"damage_healed":0.0,"max_hp_gain":0.0,"max_hp_loss":0.0,"gold_gain":0.0,"event_name":"Ghosts","player_choice":"Ignored","floor":21.0,"gold_loss":0.0,"damage_taken":0.0},{"damage_healed":0.0,"max_hp_gain":0.0,"max_hp_loss":0.0,"gold_gain":0.0,"cards_transformed":["Strike_B"],"event_name":"Transmorgrifier","player_choice":"Transformed","floor":37.0,"gold_loss":0.0,"damage_taken":0.0,"cards_obtained":["Fusion"]}],"is_beta":false,"boss_relics":[{"not_picked":["Busted Crown","Black Star"],"picked":"Ectoplasm"},{"not_picked":["Lizard Tail","Snecko Eye"],"picked":"Orrery"}],"items_purged_floors":[30,38],"is_endless":false,"potions_floor_spawned":[5,7,12,13,18,22,23,24,35,39,42,44,46],"killed_by":"Donu and Deca","ascension_level":3}