{"gold_per_floor":[359,372,22,22,22,22,84,117,117,117,117],"floor_reached":11,"playtime":324,"items_purged":[],"score":124,"play_id":"ab3c1e41-8349-4663-a6fd-ec9c40a664b4","local_time":"20190212220445","is_ascension_mode":true,"campfire_choices":[{"data":"Bash","floor":6,"key":"SMITH"},{"floor":10,"key":"REST"}],"neow_cost":"PERCENT_DAMAGE","seed_source_timestamp":18480495639600,"circlet_count":0,"master_deck":["AscendersBane","Strike_R","Strike_R","Strike_R","Strike_R","Strike_R","Defend_R","Defend_R","Defend_R","Defend_R","Bash+1","Pummel","Headbutt","Limit Break","Pummel"],"special_seed":0,"relics":["Burning Blood","Omamori","SsserpentHead","Kunai","Matryoshka"],"potions_floor_usage":[8,11],"damage_taken":[{"damage":13.0,"enemies":"Jaw Worm","floor":1.0,"turns":5.0},{"damage":8.0,"enemies":"Small Slimes","floor":2.0,"turns":4.0},{"damage":1,"enemies":"Cultist","floor":7,"turns":3},{"damage":40,"enemies":"Gremlin Nob","floor":8,"turns":5},{"damage":56,"enemies":"3 Sentries","floor":11,"turns":8}],"seed_played":"-3509344884460917603","potions_obtained":[{"floor":7,"key":"Fire Potion"}],"is_trial":false,"path_per_floor":["M","M","$","?","?","R","M","E","T","R","E"],"character_chosen":"IRONCLAD","items_purchased":["Limit Break","Regen Potion","Strength Potion","Omamori"],"campfire_rested":1,"item_purchase_floors":[3,3,3,3],"current_hp_per_floor":[43,41,41,41,41,41,46,24,24,46,0],"gold":117,"neow_bonus":"TWO_FIFTY_GOLD","is_prod":false,"is_daily":false,"chose_seed":false,"campfire_upgraded":1,"win_rate":0,"timestamp":1550001885,"path_taken":["M","M","$","?","?","R","?","E","T","R","E"],"build_version":"2019-01-23","purchased_purges":0,"victory":false,"max_hp_per_floor":[75,75,75,75,75,75,75,75,75,75,75],"card_choices":[{"not_picked":["Perfected Strike","Sword Boomerang"],"picked":"Pummel","floor":1.0},{"not_picked":["Havoc","Twin Strike"],"picked":"Headbutt","floor":2.0},{"not_picked":["Rage","Rupture","Reckless Charge"],"picked":"SKIP","floor":7},{"not_picked":["Clash","Sword Boomerang"],"picked":"Pummel","floor":8}],"player_experience":717146,"relics_obtained":[{"floor":8,"key":"Kunai"},{"floor":9,"key":"Matryoshka"}],"event_choices":[{"damage_healed":0,"gold_gain":0,"player_choice":"Fled","damage_taken":0,"max_hp_gain":0,"max_hp_loss":0,"event_name":"Scrap Ooze","floor":4,"gold_loss":0},{"damage_healed":0,"gold_gain":0,"player_choice":"Trade","damage_taken":0,"relics_obtained":["SsserpentHead"],"max_hp_gain":0,"max_hp_loss":0,"event_name":"FaceTrader","floor":5,"gold_loss":0}],"is_beta":false,"boss_relics":[],"items_purged_floors":[],"is_endless":false,"potions_floor_spawned":[7],"killed_by":"3 Sentries","ascension_level":15}