{"gold_per_floor":[364,381,306,306,21,48,48,109,134,134,169,244,244,96,96,96],"floor_reached":16,"playtime":438,"items_purged":["Regret"],"score":236,"play_id":"fddefa62-a18a-4f13-af7f-d73301466d1d","local_time":"20190212205256","is_ascension_mode":true,"campfire_choices":[{"floor":10,"key":"REST"},{"data":"Armaments","floor":13,"key":"SMITH"},{"data":"Battle Trance","floor":15,"key":"SMITH"}],"neow_cost":"CURSE","seed_source_timestamp":14071667813000,"circlet_count":0,"master_deck":["AscendersBane","Strike_R","Strike_R","Strike_R","Strike_R+1","Strike_R","Defend_R","Defend_R","Defend_R","Defend_R","Bash+1","Battle Trance+1","Sword Boomerang","Immolate+1","Pummel","Reaper","Armaments+1"],"relics":["Burning Blood","PreservedInsect","Oddly Smooth Stone","Tiny Chest","Juzu Bracelet","Boot","Lantern"],"potions_floor_usage":[8,16,16],"damage_taken":[{"damage":14,"enemies":"Cultist","floor":1,"turns":5},{"damage":7,"enemies":"Small Slimes","floor":2,"turns":5},{"damage":16,"enemies":"Gremlin Nob","floor":6,"turns":3},{"damage":22,"enemies":"Lagavulin","floor":8,"turns":4},{"damage":0,"enemies":"Gremlin Nob","floor":11,"turns":2},{"damage":47,"enemies":"The Guardian","floor":16,"turns":7}],"seed_played":"3908081776194365650","potions_obtained":[{"floor":2,"key":"PowerPotion"},{"floor":8,"key":"SteroidPotion"},{"floor":11,"key":"AttackPotion"}],"is_trial":false,"path_per_floor":["M","M","$","?","$","E","?","E","T","R","E","?","R","$","R","B"],"character_chosen":"IRONCLAD","items_purchased":["Immolate","PreservedInsect","Lantern"],"campfire_rested":1,"item_purchase_floors":[5,5,14],"current_hp_per_floor":[60,59,59,44,44,34,34,18,18,40,46,35,35,35,35,0],"gold":96,"neow_bonus":"TWO_FIFTY_GOLD","is_prod":false,"is_daily":false,"chose_seed":false,"campfire_upgraded":2,"win_rate":0,"timestamp":1549997576,"path_taken":["M","M","$","?","$","E","?","E","T","R","E","?","R","$","R","BOSS"],"build_version":"2019-01-23","purchased_purges":1,"victory":false,"max_hp_per_floor":[75,75,75,75,75,75,75,75,75,75,75,75,75,75,75,75],"card_choices":[{"not_picked":["Searing Blow","Heavy Blade"],"picked":"Battle Trance","floor":1},{"not_picked":["Heavy Blade","Flex"],"picked":"Sword Boomerang","floor":2},{"not_picked":["Bloodletting","Headbutt"],"picked":"Pummel","floor":6},{"not_picked":["Rage","Sword Boomerang"],"picked":"Reaper","floor":8},{"not_picked":["Twin Strike","Rage"],"picked":"Armaments","floor":11}],"player_experience":712824,"relics_obtained":[{"floor":6,"key":"Oddly Smooth Stone"},{"floor":8,"key":"Tiny Chest"},{"floor":9,"key":"Juzu Bracelet"},{"floor":11,"key":"Boot"}],"event_choices":[{"damage_healed":0,"gold_gain":0,"player_choice":"Entered Light","damage_taken":15,"max_hp_gain":0,"max_hp_loss":0,"event_name":"Shining Light","floor":4,"gold_loss":0,"cards_upgraded":["Bash","Strike_R"]},{"damage_healed":0,"gold_gain":0,"player_choice":"Grow","damage_taken":0,"max_hp_gain":0,"max_hp_loss":0,"event_name":"Living Wall","floor":7,"gold_loss":0,"cards_upgraded":["Immolate"]},{"damage_healed":0,"gold_gain":75,"player_choice":"Gather Gold","damage_taken":11,"max_hp_gain":0,"max_hp_loss":0,"event_name":"World of Goop","floor":12,"gold_loss":0}],"is_beta":false,"boss_relics":[],"items_purged_floors":[3],"is_endless":false,"potions_floor_spawned":[2,8,11],"killed_by":"The Guardian","ascension_level":14}