{"gold_per_floor":[113,130,141,152,20,46,46,74,126,142,142,116,116,216,216,316,316,330,13,24,42,42,42],"floor_reached":23,"playtime":1546,"items_purged":["Strike_B"],"score":231,"play_id":"56a4a517-f7fc-41db-a9e5-d11817724415","local_time":"20190113160135","is_ascension_mode":true,"campfire_choices":[{"data":"Barrage","floor":7.0,"key":"SMITH"},{"data":"Echo Form","floor":11.0,"key":"SMITH"},{"data":"Capacitor","floor":13.0,"key":"SMITH"},{"data":"Glacier","floor":15.0,"key":"SMITH"}],"neow_cost":"NONE","seed_source_timestamp":310358014836381,"circlet_count":0,"master_deck":["Strike_B","Strike_B","Strike_B","Defend_B","Defend_B","Defend_B","Defend_B","Zap","Dualcast","Doom and Gloom","Barrage+1","Echo Form+1","Glacier+1","Capacitor+1","Rebound","Ball Lightning","Turbo","Stack","Echo Form","Leap+1","Blizzard","BootSequence","Glacier","Static Discharge"],"special_seed":0,"relics":["FrozenCore","DataDisk","Ginger","Bottled Tornado","Smiling Mask","Membership Card","Enchiridion"],"potions_floor_usage":[],"damage_taken":[{"damage":0.0,"enemies":"2 Louse","floor":1.0,"turns":1.0},{"damage":0.0,"enemies":"Cultist","floor":2.0,"turns":3.0},{"damage":7.0,"enemies":"Jaw Worm","floor":3.0,"turns":3.0},{"damage":0.0,"enemies":"Large Slime","floor":4.0,"turns":3.0},{"damage":11.0,"enemies":"3 Sentries","floor":6.0,"turns":8.0},{"damage":23.0,"enemies":"Lagavulin","floor":8.0,"turns":6.0},{"damage":0.0,"enemies":"2 Fungi Beasts","floor":10.0,"turns":3.0},{"damage":14.0,"enemies":"Hexaghost","floor":16.0,"turns":8.0},{"damage":0.0,"enemies":"Spheric Guardian","floor":18.0,"turns":6.0},{"damage":0.0,"enemies":"Chosen","floor":20.0,"turns":5.0},{"damage":15.0,"enemies":"3 Cultists","floor":21.0,"turns":4.0},{"damage":46,"enemies":"Gremlin Leader","floor":23,"turns":4}],"seed_played":"-6232104504662820293","potions_obtained":[{"floor":1.0,"key":"SmokeBomb"},{"floor":2.0,"key":"Fire Potion"},{"floor":10.0,"key":"AttackPotion"},{"floor":16.0,"key":"SmokeBomb"},{"floor":20.0,"key":"Explosive Potion"}],"is_trial":false,"path_per_floor":["M","M","M","M","$","E","R","E","T","M","R","$","R","?","R","B",null,"M","$","M","M","?","E"],"character_chosen":"DEFECT","items_purchased":["Capacitor","Rebound","Stack","Membership Card","Blizzard","BootSequence"],"campfire_rested":0,"item_purchase_floors":[5,5,12,19,19,19],"current_hp_per_floor":[75,75,68,68,68,57,57,34,34,34,34,34,34,34,34,20,75,75,75,75,60,44,0],"gold":42,"neow_bonus":"RANDOM_COMMON_RELIC","is_prod":false,"is_daily":false,"chose_seed":false,"campfire_upgraded":4,"win_rate":0,"timestamp":1547391695,"path_taken":["M","M","M","M","$","E","R","E","T","M","R","$","R","?","R","BOSS","M","$","M","M","?","E"],"build_version":"2019-01-10","purchased_purges":1,"victory":false,"max_hp_per_floor":[75,75,75,75,75,75,75,75,75,75,75,75,75,75,75,75,75,75,75,75,75,75,75],"card_choices":[{"not_picked":["Double Energy","Cold Snap"],"picked":"Doom and Gloom","floor":1.0},{"not_picked":["Sweeping Beam","Cold Snap"],"picked":"Barrage","floor":2.0},{"not_picked":["Conserve Battery","Streamline"],"picked":"Echo Form","floor":3.0},{"not_picked":["Tempest","BootSequence"],"picked":"Glacier","floor":4.0},{"not_picked":["Streamline","Seek"],"picked":"Ball Lightning","floor":6.0},{"not_picked":["Rebound","Beam Cell","FTL"],"picked":"SKIP","floor":8.0},{"not_picked":["Redo","Double Energy"],"picked":"Turbo","floor":10.0},{"not_picked":["Reboot","Creative AI"],"picked":"Echo Form","floor":16.0},{"not_picked":["Reinforced Body","Ball Lightning"],"picked":"Leap+1","floor":18.0},{"not_picked":["Skim","Cold Snap"],"picked":"Glacier","floor":20.0},{"not_picked":["Ball Lightning","Undo"],"picked":"Static Discharge","floor":21.0}],"player_experience":271445,"relics_obtained":[{"floor":6.0,"key":"Ginger"},{"floor":8.0,"key":"Bottled Tornado"},{"floor":9.0,"key":"Smiling Mask"},{"floor":22.0,"key":"Enchiridion"}],"event_choices":[{"damage_healed":0.0,"max_hp_gain":0.0,"max_hp_loss":0.0,"gold_gain":100.0,"event_name":"Golden Shrine","player_choice":"Pray","floor":14.0,"gold_loss":0.0,"damage_taken":0.0},{"damage_healed":0.0,"max_hp_gain":0.0,"max_hp_loss":0.0,"gold_gain":0.0,"event_name":"Cursed Tome","player_choice":"Obtained Book","floor":22.0,"gold_loss":0.0,"damage_taken":16.0}],"is_beta":false,"boss_relics":[{"not_picked":["Tiny House","Coffee Dripper"],"picked":"FrozenCore"}],"items_purged_floors":[19],"is_endless":false,"potions_floor_spawned":[1,2,10,16,20],"killed_by":"Gremlin Leader","ascension_level":3}