{"gold_per_floor":[116,116,136,211,229,254,254,285,332,343,356,410,410,439,439,515,515,527,527,527,543,557,557,575,575,628,639,639],"floor_reached":28,"playtime":2170,"items_purged":[],"score":480,"play_id":"03728435-1f8c-456b-b53b-0eb4abbcd301","local_time":"20190130194103","is_ascension_mode":true,"campfire_choices":[{"floor":7,"key":"REST"},{"data":"True Grit","floor":15,"key":"SMITH"},{"floor":23,"key":"REST"},{"floor":25,"key":"REST"}],"neow_cost":"NONE","seed_source_timestamp":1113371166188592,"circlet_count":0,"master_deck":["AscendersBane","Strike_R+1","Strike_R+1","Defend_R+1","Defend_R+1","Defend_R+1","Defend_R+1","Bash+1","Clothesline+1","Cleave","Metallicize","Anger","True Grit","Spot Weakness","Sword Boomerang","True Grit+1","Immolate+1","Juggernaut+1","Immolate+1","Berserk+1","Disarm+1","Shrug It Off+1","Shrug It Off"],"relics":["Burning Blood","Pantograph","Pen Nib","Centennial Puzzle","Molten Egg 2","Nloth\u0027s Gift","Tiny Chest"],"potions_floor_usage":[6,11,16,21,24],"damage_taken":[{"damage":14,"enemies":"Jaw Worm","floor":1,"turns":4},{"damage":10,"enemies":"Small Slimes","floor":3,"turns":6},{"damage":1,"enemies":"Cultist","floor":5,"turns":3},{"damage":15,"enemies":"3 Sentries","floor":6,"turns":11},{"damage":42,"enemies":"Gremlin Nob","floor":8,"turns":5},{"damage":1,"enemies":"Blue Slaver","floor":10,"turns":4},{"damage":0,"enemies":"Exordium Thugs","floor":11,"turns":4},{"damage":29,"enemies":"3 Sentries","floor":14,"turns":7},{"damage":23,"enemies":"Slime Boss","floor":16,"turns":4},{"damage":18,"enemies":"Chosen","floor":18,"turns":6},{"damage":14,"enemies":"3 Byrds","floor":21,"turns":4},{"damage":23,"enemies":"3 Cultists","floor":22,"turns":4},{"damage":48,"enemies":"Cultist and Chosen","floor":24,"turns":6},{"damage":16,"enemies":"Snake Plant","floor":27,"turns":4},{"damage":70,"enemies":"Gremlin Leader","floor":28,"turns":7}],"seed_played":"2086205453808211031","potions_obtained":[{"floor":3,"key":"BloodPotion"},{"floor":5,"key":"PowerPotion"},{"floor":10,"key":"PowerPotion"},{"floor":11,"key":"AttackPotion"},{"floor":18,"key":"Poison Potion"},{"floor":24,"key":"FairyPotion"}],"is_trial":false,"path_per_floor":["M","?","M","?","M","E","R","E","T","M","M","?","?","E","R","B",null,"M","?","?","M","M","R","M","R","T","M","E"],"character_chosen":"IRONCLAD","items_purchased":[],"campfire_rested":3,"item_purchase_floors":[],"current_hp_per_floor":[60,60,56,45,50,41,63,27,27,32,38,38,38,15,15,23,62,50,50,50,42,25,47,12,34,34,24,0],"gold":639,"neow_bonus":"UPGRADE_CARD","is_prod":false,"is_daily":false,"chose_seed":false,"campfire_upgraded":1,"win_rate":0,"timestamp":1548906063,"path_taken":["M","?","M","?","M","E","R","E","T","?","M","?","?","E","R","BOSS","M","?","?","?","M","R","M","R","T","M","E"],"build_version":"2019-01-23","purchased_purges":0,"victory":false,"max_hp_per_floor":[75,75,75,75,75,75,75,75,75,75,75,75,75,75,75,75,75,75,75,75,75,75,75,75,75,75,75,75],"card_choices":[{"not_picked":["Warcry","Iron Wave"],"picked":"Clothesline","floor":1},{"not_picked":["Berserk","Ghostly Armor"],"picked":"Cleave","floor":3},{"not_picked":["Heavy Blade","Pummel"],"picked":"Metallicize","floor":5},{"not_picked":["Clothesline","Heavy Blade"],"picked":"Anger","floor":6},{"not_picked":["Sever Soul","Disarm"],"picked":"True Grit","floor":8},{"not_picked":["Shrug It Off","Havoc"],"picked":"Spot Weakness","floor":10},{"not_picked":["Second Wind","Perfected Strike"],"picked":"Sword Boomerang","floor":11},{"not_picked":["Heavy Blade","Clash"],"picked":"True Grit","floor":14},{"not_picked":["Offering","Exhume"],"picked":"Immolate+1","floor":16},{"not_picked":["Heavy Blade+1","Perfected Strike+1"],"picked":"Disarm+1","floor":18},{"not_picked":["Bloodletting","Rage"],"picked":"Shrug It Off+1","floor":21},{"not_picked":["Clash+1","Clothesline+1","Pommel Strike+1"],"picked":"SKIP","floor":22},{"not_picked":["Clash+1","Clothesline+1","Pommel Strike+1"],"picked":"SKIP","floor":22},{"not_picked":["Twin Strike+1","Headbutt+1","Wild Strike+1"],"picked":"SKIP","floor":24},{"not_picked":["Heavy Blade+1","Dropkick+1"],"picked":"Shrug It Off","floor":27}],"player_experience":738544,"relics_obtained":[{"floor":6,"key":"Pantograph"},{"floor":8,"key":"Pen Nib"},{"floor":9,"key":"Centennial Puzzle"},{"floor":14,"key":"Molten Egg 2"},{"floor":26,"key":"Tiny Chest"}],"event_choices":[{"damage_healed":0,"gold_gain":0,"player_choice":"Grow","damage_taken":0,"max_hp_gain":0,"max_hp_loss":0,"event_name":"Living Wall","floor":2,"gold_loss":0,"cards_upgraded":["Clothesline"]},{"damage_healed":0,"gold_gain":75,"player_choice":"Gather Gold","damage_taken":11,"max_hp_gain":0,"max_hp_loss":0,"event_name":"World of Goop","floor":4,"gold_loss":0},{"damage_healed":0,"gold_gain":54,"player_choice":"Gained Gold","damage_taken":0,"max_hp_gain":0,"max_hp_loss":0,"event_name":"Golden Wing","floor":12,"gold_loss":0},{"damage_healed":0,"gold_gain":0,"player_choice":"Ignored","damage_taken":0,"max_hp_gain":0,"max_hp_loss":0,"event_name":"Liars Game","floor":13,"gold_loss":0},{"damage_healed":0,"gold_gain":0,"player_choice":"Simplicity","damage_taken":0,"max_hp_gain":0,"max_hp_loss":0,"event_name":"Back to Basics","floor":19,"gold_loss":0,"cards_upgraded":["Strike_R","Strike_R","Defend_R","Defend_R","Defend_R","Defend_R"]},{"damage_healed":0,"gold_gain":0,"player_choice":"Traded Relic","damage_taken":0,"relics_obtained":["Nloth\u0027s Gift"],"max_hp_gain":0,"max_hp_loss":0,"event_name":"N\u0027loth","floor":20,"relics_lost":["Astrolabe"],"gold_loss":0}],"is_beta":false,"boss_relics":[{"not_picked":["Orrery","Runic Dome"],"picked":"Astrolabe"}],"items_purged_floors":[],"is_endless":false,"potions_floor_spawned":[3,5,10,11,18,24],"killed_by":"Gremlin Leader","ascension_level":20}