{"gold_per_floor":[119,139,139,154,67,67,97,97,97,122,133,208,208,223,223,295,295,275,200,216,131,151,151,151],"floor_reached":24,"playtime":2225,"items_purged":["Thunder Strike"],"score":412,"play_id":"2b8ca4d7-7c36-406b-95e2-60f61ee39491","local_time":"20190131204138","is_ascension_mode":true,"campfire_choices":[{"data":"Sunder","floor":6,"key":"SMITH"},{"floor":8,"key":"REST"},{"floor":13,"key":"REST"},{"data":"Consume","floor":15,"key":"SMITH"},{"floor":23,"key":"REST"}],"neow_cost":"PERCENT_DAMAGE","seed_source_timestamp":1203350715106998,"circlet_count":0,"master_deck":["AscendersBane","Zap","Dualcast","Glacier","Streamline","Sunder+1","Go for the Eyes","Consume+1","Turbo","Conserve Battery","Seek","Genetic Algorithm","Seek","Fission","Self Repair","Tempest","Amplify","Cold Snap","Cold Snap"],"relics":["Cracked Core","Calipers","Matryoshka","Pantograph","Pandora\u0027s Box","Vajra"],"potions_floor_usage":[10],"damage_taken":[{"damage":10,"enemies":"Small Slimes","floor":1,"turns":3},{"damage":1,"enemies":"Cultist","floor":2,"turns":3},{"damage":0,"enemies":"2 Louse","floor":4,"turns":3},{"damage":32,"enemies":"Gremlin Nob","floor":7,"turns":4},{"damage":25,"enemies":"Lagavulin","floor":10,"turns":6},{"damage":5,"enemies":"2 Fungi Beasts","floor":11,"turns":3},{"damage":0,"enemies":"Looter","floor":14,"turns":4},{"damage":42,"enemies":"The Guardian","floor":16,"turns":15},{"damage":7,"enemies":"2 Thieves","floor":18,"turns":4},{"damage":36,"enemies":"Chosen","floor":20,"turns":9},{"damage":35,"enemies":"Shelled Parasite and Fungi","floor":22,"turns":8},{"damage":53,"enemies":"Gremlin Leader","floor":24,"turns":6}],"seed_played":"-2996187247066179211","potions_obtained":[{"floor":2,"key":"Weak Potion"},{"floor":4,"key":"EssenceOfSteel"},{"floor":7,"key":"Dexterity Potion"}],"is_trial":false,"path_per_floor":["M","M","?","M","$","R","E","R","T","E","M","?","R","M","R","B",null,"M","$","M","?","M","R","E"],"character_chosen":"DEFECT","items_purchased":["Sunder"],"campfire_rested":3,"item_purchase_floors":[5],"current_hp_per_floor":[50,49,49,49,49,49,17,42,42,17,12,1,26,26,26,9,66,66,66,44,44,23,48,0],"gold":151,"neow_bonus":"TWENTY_PERCENT_HP_BONUS","is_prod":false,"is_daily":false,"chose_seed":false,"campfire_upgraded":2,"win_rate":0,"timestamp":1548996098,"path_taken":["M","M","?","M","$","R","E","R","T","E","?","?","R","M","R","BOSS","M","$","M","?","M","R","E"],"build_version":"2019-01-23","purchased_purges":1,"victory":false,"max_hp_per_floor":[85,85,85,85,85,85,85,85,85,85,85,85,85,85,85,85,85,85,85,85,85,85,85,85],"card_choices":[{"not_picked":["Stack","Capacitor","Double Energy"],"picked":"SKIP","floor":1},{"not_picked":["Turbo","Conserve Battery"],"picked":"Glacier","floor":2},{"not_picked":["Coolheaded","Static Discharge"],"picked":"Streamline","floor":4},{"not_picked":["Beam Cell","Lockon"],"picked":"Go for the Eyes","floor":7},{"not_picked":["Multi-Cast","Defragment"],"picked":"Consume","floor":10},{"not_picked":["Hello World","FTL"],"picked":"Turbo","floor":11},{"not_picked":["Scrape","Streamline"],"picked":"Conserve Battery","floor":14},{"not_picked":["Creative AI","Amplify"],"picked":"Seek","floor":16},{"not_picked":["Conserve Battery","Stack","Redo"],"picked":"SKIP","floor":18},{"not_picked":["Turbo","Gash"],"picked":"Cold Snap","floor":20},{"not_picked":["Leap","FTL"],"picked":"Cold Snap","floor":22}],"player_experience":751704,"relics_obtained":[{"floor":7,"key":"Calipers"},{"floor":9,"key":"Matryoshka"},{"floor":10,"key":"Pantograph"}],"event_choices":[{"cards_removed":["Defend_B"],"damage_healed":0,"gold_gain":0,"player_choice":"Purged","damage_taken":0,"max_hp_gain":0,"max_hp_loss":0,"event_name":"Purifier","floor":3,"gold_loss":0},{"damage_healed":0,"gold_gain":75,"player_choice":"Gather Gold","damage_taken":11,"max_hp_gain":0,"max_hp_loss":0,"event_name":"World of Goop","floor":12,"gold_loss":0},{"damage_healed":0,"gold_gain":0,"player_choice":"Obtained Relic","damage_taken":0,"relics_obtained":["Vajra"],"max_hp_gain":0,"max_hp_loss":0,"event_name":"Addict","floor":21,"gold_loss":85}],"is_beta":false,"boss_relics":[{"not_picked":["White Beast Statue","Coffee Dripper"],"picked":"Pandora\u0027s Box"}],"items_purged_floors":[19],"is_endless":false,"potions_floor_spawned":[2,4,7],"killed_by":"Gremlin Leader","ascension_level":20}