{"gold_per_floor":[115,45,62,77,77,107,107,126,126,126,137,137,55,87,87,183,183,197,197,150,161,76,76,103,103,181,216,216,233,247,93,93,193,193,210,210,228,242,259,259,288,288,314,69,0,10,10,20,20,20],"floor_reached":50,"playtime":3950,"items_purged":["Whirlwind"],"score":545,"play_id":"6ef340ad-95f6-476c-8dd1-a30ecbea5fe2","local_time":"20181225011608","is_ascension_mode":false,"campfire_choices":[{"data":"Perfected Strike","floor":7,"key":"SMITH"},{"data":"Bash","floor":10,"key":"SMITH"},{"floor":12,"key":"REST"},{"data":"Armaments","floor":15,"key":"SMITH"},{"data":"Flex","floor":23,"key":"SMITH"},{"data":"Clothesline","floor":32,"key":"SMITH"},{"data":"Rampage","floor":40,"key":"SMITH"},{"data":"Flex","floor":42,"key":"SMITH"},{"floor":49,"key":"REST"}],"neow_cost":"NONE","seed_source_timestamp":366500793075677,"circlet_count":0,"master_deck":["Strike_R","Strike_R","Strike_R","Strike_R","Strike_R","Defend_R","Defend_R","Defend_R","Bash+1","Cleave","Clothesline+1","Thunderclap","Blood for Blood","Perfected Strike+1","Dropkick","Heavy Blade","Shockwave","Spot Weakness","Rampage+1","Armaments+1","Offering","RitualDagger","Flex+1","Heavy Blade+1","Flex+1","Clash+1","Entrench+1","Finesse","Rupture","Bandage Up","Second Wind+1"],"relics":["Burning Blood","Thread and Needle","Torii","FossilizedHelix","Busted Crown","Pen Nib","Shuriken","Darkstone Periapt","Bottled Lightning","Red Skull","Philosopher\u0027s Stone","Peace Pipe","Vajra","Red Mask"],"potions_floor_usage":[14,14,14,16,21,21,24,24,37,48,50,50],"damage_taken":[{"damage":8,"enemies":"Jaw Worm","floor":1,"turns":5},{"damage":1,"enemies":"Cultist","floor":3,"turns":4},{"damage":8,"enemies":"2 Louse","floor":4,"turns":2},{"damage":41,"enemies":"3 Sentries","floor":6,"turns":8},{"damage":8,"enemies":"Blue Slaver","floor":8,"turns":2},{"damage":0,"enemies":"3 Louse","floor":11,"turns":3},{"damage":24,"enemies":"Lagavulin","floor":14,"turns":5},{"damage":26,"enemies":"The Guardian","floor":16,"turns":10},{"damage":0,"enemies":"Chosen","floor":18,"turns":3},{"damage":13,"enemies":"2 Thieves","floor":21,"turns":3},{"damage":37,"enemies":"Slavers","floor":24,"turns":4},{"damage":2,"enemies":"Book of Stabbing","floor":27,"turns":4},{"damage":0,"enemies":"Centurion and Healer","floor":29,"turns":5},{"damage":6,"enemies":"Cultist and Chosen","floor":30,"turns":4},{"damage":26,"enemies":"Champ","floor":33,"turns":6},{"damage":0,"enemies":"Orb Walker","floor":35,"turns":3},{"damage":0,"enemies":"3 Shapes","floor":37,"turns":2},{"damage":15,"enemies":"Writhing Mass","floor":38,"turns":4},{"damage":1,"enemies":"Sphere and 2 Shapes","floor":39,"turns":3},{"damage":13,"enemies":"Giant Head","floor":41,"turns":5},{"damage":23,"enemies":"Spire Growth","floor":46,"turns":4},{"damage":7,"enemies":"Jaw Worm Horde","floor":48,"turns":4},{"damage":99,"enemies":"Awakened One","floor":50,"turns":6}],"seed_played":"6829240625967687578","potions_obtained":[{"floor":6,"key":"EntropicBrew"},{"floor":8,"key":"SteroidPotion"},{"floor":16,"key":"Strength Potion"},{"floor":18,"key":"Weak Potion"},{"floor":21,"key":"LiquidBronze"},{"floor":27,"key":"PowerPotion"},{"floor":30,"key":"GamblersBrew"},{"floor":35,"key":"Energy Potion"},{"floor":37,"key":"GamblersBrew"}],"is_trial":false,"path_per_floor":["M","$","M","M","?","E","R","M","T","R","M","R","$","E","R","B",null,"M","?","$","M","?","R","E","?","T","E","?","M","M","$","R","B",null,"M","?","M","M","M","R","E","R","T","$","?","M","?","M","R","B"],"character_chosen":"IRONCLAD","items_purchased":["Clothesline","Thunderclap","Rampage","Flex","Red Skull","Finesse","Rupture"],"campfire_rested":2,"item_purchase_floors":[2,2,13,20,31,44,44],"current_hp_per_floor":[86,86,88,86,86,51,51,49,49,49,55,81,81,63,63,58,88,88,82,82,75,75,75,44,73,73,77,77,83,83,83,83,63,88,88,88,88,79,84,84,77,77,77,77,77,60,60,63,88,0],"gold":20,"neow_bonus":"TEN_PERCENT_HP_BONUS","is_prod":false,"is_daily":false,"chose_seed":false,"campfire_upgraded":7,"win_rate":0.0,"timestamp":1545729368,"path_taken":["M","$","M","M","?","E","R","M","T","R","?","R","$","E","R","BOSS","M","?","$","M","?","R","E","?","T","E","?","M","M","?","R","BOSS","M","?","M","M","M","R","E","R","T","$","?","M","?","?","R","BOSS"],"build_version":"2018-12-20","purchased_purges":1,"victory":false,"max_hp_per_floor":[88,88,88,88,88,88,88,88,88,88,88,88,88,88,88,88,88,88,88,88,88,88,88,88,88,88,88,88,88,88,88,88,88,88,88,88,88,88,88,88,88,88,88,88,88,88,88,88,88,88],"card_choices":[{"not_picked":["Armaments","Battle Trance"],"picked":"Cleave","floor":1},{"not_picked":["True Grit","Pommel Strike"],"picked":"Blood for Blood","floor":3},{"not_picked":["Combust","Cleave"],"picked":"Perfected Strike","floor":4},{"not_picked":["Ghostly Armor","Iron Wave"],"picked":"Heavy Blade","floor":6},{"not_picked":["Rupture","Metallicize"],"picked":"Shockwave","floor":8},{"not_picked":["Perfected Strike","Burning Pact"],"picked":"Spot Weakness","floor":11},{"not_picked":["Sword Boomerang","Berserk"],"picked":"Armaments","floor":14},{"not_picked":["Impervious","Brutality"],"picked":"Offering","floor":16},{"not_picked":[],"picked":"Warcry","floor":18},{"not_picked":["Heavy Blade"],"picked":"SKIP","floor":21},{"not_picked":[],"picked":"Heavy Blade+1","floor":24},{"not_picked":[],"picked":"Flex","floor":27},{"not_picked":["Iron Wave"],"picked":"SKIP","floor":29},{"not_picked":["Armaments"],"picked":"SKIP","floor":30},{"not_picked":["Flex"],"picked":"SKIP","floor":35},{"not_picked":["Metallicize"],"picked":"SKIP","floor":37},{"not_picked":[],"picked":"Clash+1","floor":38},{"not_picked":[],"picked":"Whirlwind","floor":39},{"not_picked":[],"picked":"Entrench+1","floor":41},{"not_picked":["Power Through"],"picked":"SKIP","floor":46},{"not_picked":[],"picked":"Bandage Up","floor":47},{"not_picked":[],"picked":"Second Wind+1","floor":48}],"player_experience":6997,"relics_obtained":[{"floor":6,"key":"Thread and Needle"},{"floor":9,"key":"Torii"},{"floor":14,"key":"FossilizedHelix"},{"floor":24,"key":"Shuriken"},{"floor":26,"key":"Darkstone Periapt"},{"floor":27,"key":"Bottled Lightning"},{"floor":41,"key":"Peace Pipe"},{"floor":43,"key":"Vajra"}],"event_choices":[{"damage_healed":0,"gold_gain":0,"cards_transformed":["Defend_R"],"player_choice":"Transformed","damage_taken":0,"max_hp_gain":0,"max_hp_loss":0,"event_name":"Transmorgrifier","floor":5,"gold_loss":0,"cards_obtained":["Dropkick"]},{"damage_healed":0,"gold_gain":0,"player_choice":"Joined the Cult","damage_taken":6,"max_hp_gain":0,"max_hp_loss":0,"event_name":"Nest","floor":19,"gold_loss":0,"cards_obtained":["RitualDagger"]},{"damage_healed":0,"gold_gain":0,"player_choice":"Obtained Relic","damage_taken":0,"relics_obtained":["Pen Nib"],"max_hp_gain":0,"max_hp_loss":0,"event_name":"Addict","floor":22,"gold_loss":85},{"damage_healed":29,"gold_gain":0,"player_choice":"Heal","damage_taken":0,"max_hp_gain":0,"max_hp_loss":0,"event_name":"The Library","floor":25,"gold_loss":0},{"damage_healed":0,"gold_gain":0,"player_choice":"Ignored","damage_taken":0,"max_hp_gain":0,"max_hp_loss":0,"event_name":"Ghosts","floor":28,"gold_loss":0},{"cards_removed":["Warcry"],"damage_healed":0,"gold_gain":0,"player_choice":"Removed Skill","damage_taken":0,"max_hp_gain":0,"max_hp_loss":0,"event_name":"Falling","floor":36,"gold_loss":0},{"damage_healed":0,"gold_gain":0,"player_choice":"Paid","damage_taken":0,"relics_obtained":["Red Mask"],"max_hp_gain":0,"max_hp_loss":0,"event_name":"Tomb of Lord Red Mask","floor":45,"gold_loss":69},{"damage_healed":0,"gold_gain":0,"player_choice":"Memory 1","damage_taken":0,"max_hp_gain":0,"max_hp_loss":0,"event_name":"SensoryStone","floor":47,"gold_loss":0}],"is_beta":false,"boss_relics":[{"not_picked":["Tiny House","Snecko Eye"],"picked":"Busted Crown"},{"not_picked":["Calling Bell","Lizard Tail"],"picked":"Philosopher\u0027s Stone"}],"items_purged_floors":[44],"is_endless":false,"potions_floor_spawned":[6,8,16,18,21,27,30,35,37,46],"killed_by":"Awakened One","ascension_level":0}