{"gold_per_floor":[117,137,152,164,174,207,207,24,78,105,65,84,29,29,29,29],"floor_reached":16,"playtime":769,"items_purged":["Strike_R"],"score":207,"play_id":"020b7d2a-2d4d-45a3-8179-43d894bac788","local_time":"20190131193522","is_ascension_mode":true,"campfire_choices":[{"floor":7.0,"key":"REST"},{"floor":15,"key":"REST"}],"neow_cost":"PERCENT_DAMAGE","seed_source_timestamp":438169084752085,"circlet_count":0,"master_deck":["AscendersBane","Strike_R","Strike_R","Strike_R","Strike_R","Defend_R","Defend_R","Defend_R","Defend_R","Bash","Impervious","Inflame","Body Slam","Metallicize","Offering","Immolate","Dark Shackles","Uppercut","Clothesline","Demon Form"],"special_seed":0,"relics":["Burning Blood","Dodecahedron","Juzu Bracelet","Bottled Flame"],"potions_floor_usage":[16],"damage_taken":[{"damage":9.0,"enemies":"Jaw Worm","floor":1.0,"turns":5.0},{"damage":6.0,"enemies":"Cultist","floor":2.0,"turns":3.0},{"damage":0.0,"enemies":"2 Louse","floor":3.0,"turns":3.0},{"damage":23.0,"enemies":"Exordium Thugs","floor":4.0,"turns":5.0},{"damage":6.0,"enemies":"3 Louse","floor":5.0,"turns":3.0},{"damage":30.0,"enemies":"3 Sentries","floor":6.0,"turns":9.0},{"damage":31.0,"enemies":"Lagavulin","floor":10.0,"turns":7.0},{"damage":4.0,"enemies":"2 Fungi Beasts","floor":12.0,"turns":3.0},{"damage":47,"enemies":"Hexaghost","floor":16,"turns":9}],"seed_played":"4877961862717997574","potions_obtained":[{"floor":1.0,"key":"Energy Potion"},{"floor":6.0,"key":"Explosive Potion"},{"floor":11.0,"key":"FairyPotion"},{"floor":11.0,"key":"Block Potion"},{"floor":12.0,"key":"Swift Potion"}],"is_trial":false,"path_per_floor":["M","M","M","M","M","E","R","$","T","E","?","M","$","?","R","B"],"character_chosen":"IRONCLAD","items_purchased":["Dark Shackles","Clothesline"],"campfire_rested":2,"item_purchase_floors":[8,13],"current_hp_per_floor":[47,47,53,36,36,12,34,34,34,9,9,11,11,11,33,0],"gold":29,"neow_bonus":"THREE_RARE_CARDS","is_prod":false,"is_daily":false,"chose_seed":false,"campfire_upgraded":0,"win_rate":0,"timestamp":1548981322,"path_taken":["M","M","M","M","M","E","R","$","T","E","?","M","?","?","R","BOSS"],"build_version":"2019-01-23","purchased_purges":1,"victory":false,"max_hp_per_floor":[75,75,75,75,75,75,75,75,75,75,75,75,75,75,75,75],"card_choices":[{"not_picked":["Berserk","Immolate"],"picked":"Impervious","floor":0.0},{"not_picked":["Shrug It Off","Iron Wave"],"picked":"Inflame","floor":1.0},{"not_picked":["Rampage","Perfected Strike"],"picked":"Body Slam","floor":2.0},{"not_picked":["Rage","Shockwave"],"picked":"Metallicize","floor":3.0},{"not_picked":["True Grit","Flex"],"picked":"Offering","floor":4.0},{"not_picked":["Iron Wave","Anger","Cleave"],"picked":"SKIP","floor":5.0},{"not_picked":["Flex","Pommel Strike"],"picked":"Immolate","floor":6.0},{"not_picked":["Ghostly Armor","Infernal Blade"],"picked":"Uppercut","floor":10.0},{"not_picked":["Clash","Combust","Thunderclap"],"picked":"SKIP","floor":12.0}],"player_experience":959761,"relics_obtained":[{"floor":6.0,"key":"Dodecahedron"},{"floor":9.0,"key":"Juzu Bracelet"},{"floor":10.0,"key":"Bottled Flame"}],"event_choices":[{"damage_healed":0.0,"max_hp_gain":0.0,"max_hp_loss":0.0,"gold_gain":0.0,"event_name":"The Woman in Blue","player_choice":"Bought 3 Potions","floor":11.0,"gold_loss":0.0,"damage_taken":0.0},{"damage_healed":0,"gold_gain":0,"player_choice":"1 cards matched","damage_taken":0,"max_hp_gain":0,"max_hp_loss":0,"event_name":"Match and Keep!","floor":14,"gold_loss":0,"cards_obtained":["Demon Form"]}],"is_beta":false,"boss_relics":[],"items_purged_floors":[8],"is_endless":false,"potions_floor_spawned":[1,6,10,12],"killed_by":"Hexaghost","ascension_level":17}