{"gold_per_floor":[118,34,34,34,47,47,76,76,123,137,155,226,245,257,257,356,356,369,386,386,159,179,179,197,197,265,278,290,110,123,147,147,244,244,261,278,288,288,88,88,107,107,134,94,94,94,94,112,112,112],"floor_reached":51,"playtime":13839,"items_purged":["Strike_G","Strike_G","Parasite"],"score":676,"play_id":"823d1c7a-d78e-4267-9aef-f9a3f0c5a9a6","local_time":"20190212175258","is_ascension_mode":false,"campfire_choices":[{"data":"Infinite Blades","floor":6.0,"key":"SMITH"},{"data":"Survivor","floor":15.0,"key":"SMITH"},{"floor":23.0,"key":"REST"},{"floor":25.0,"key":"REST"},{"data":"Noxious Fumes","floor":32.0,"key":"SMITH"},{"floor":42.0,"key":"REST"},{"data":"Noxious Fumes","floor":45.0,"key":"SMITH"},{"data":"Bouncing Flask","floor":47.0,"key":"SMITH"},{"data":"Bouncing Flask","floor":49,"key":"SMITH"}],"neow_cost":"NONE","seed_source_timestamp":0,"circlet_count":0,"master_deck":["Defend_G","Defend_G","Defend_G","Defend_G","Defend_G","Survivor+1","Neutralize","Bouncing Flask+1","Infinite Blades+1","Blade Dance","Dash","Noxious Fumes+1","Backflip","Bouncing Flask+1","Die Die Die+1","Terror","Adrenaline","Bane+1","PiercingWail+1","Glass Knife+1","Backflip+1","Noxious Fumes+1","Die Die Die+1","Backstab+1","Envenom","Phantasmal Killer+1","Quick Slash+1","Sucker Punch+1","Dash+1","Well Laid Plans+1","Dagger Spray+1","Dramatic Entrance+1","Backstab+1","Bouncing Flask+1"],"special_seed":0,"relics":["Ring of the Snake","NeowsBlessing","Ornamental Fan","Dodecahedron","Bag of Marbles","Molten Egg 2","Black Star","Pen Nib","Matryoshka","Vajra","Oddly Smooth Stone","Astrolabe","Anchor","Juzu Bracelet"],"potions_floor_usage":[50,50,50,50,50,50],"damage_taken":[{"damage":0.0,"enemies":"Small Slimes","floor":1.0,"turns":1.0},{"damage":0.0,"enemies":"Jaw Worm","floor":5.0,"turns":1.0},{"damage":0.0,"enemies":"Lagavulin","floor":7.0,"turns":1.0},{"damage":0.0,"enemies":"Cultist","floor":10.0,"turns":3.0},{"damage":0.0,"enemies":"Exordium Thugs","floor":11.0,"turns":3.0},{"damage":0.0,"enemies":"Blue Slaver","floor":13.0,"turns":4.0},{"damage":0.0,"enemies":"Red Slaver","floor":14.0,"turns":3.0},{"damage":22.0,"enemies":"Slime Boss","floor":16.0,"turns":10.0},{"damage":0.0,"enemies":"3 Byrds","floor":18.0,"turns":4.0},{"damage":20.0,"enemies":"2 Thieves","floor":19.0,"turns":5.0},{"damage":0.0,"enemies":"Centurion and Healer","floor":22.0,"turns":4.0},{"damage":8.0,"enemies":"Shelled Parasite and Fungi","floor":24.0,"turns":4.0},{"damage":0.0,"enemies":"Snake Plant","floor":27.0,"turns":3.0},{"damage":0.0,"enemies":"Centurion and Healer","floor":28.0,"turns":4.0},{"damage":0.0,"enemies":"Chosen and Byrds","floor":30.0,"turns":4.0},{"damage":0.0,"enemies":"Automaton","floor":33.0,"turns":7.0},{"damage":0.0,"enemies":"3 Shapes","floor":35.0,"turns":2.0},{"damage":0.0,"enemies":"Orb Walker","floor":36.0,"turns":2.0},{"damage":0.0,"enemies":"Writhing Mass","floor":37.0,"turns":3.0},{"damage":3.0,"enemies":"Maw","floor":41.0,"turns":5.0},{"damage":0.0,"enemies":"Sphere and 2 Shapes","floor":48.0,"turns":3.0},{"damage":32,"enemies":"Donu and Deca","floor":50,"turns":7}],"seed_played":"-102323512729507897","potions_obtained":[{"floor":1.0,"key":"SpeedPotion"},{"floor":11.0,"key":"Poison Potion"},{"floor":14.0,"key":"Fire Potion"},{"floor":16.0,"key":"Regen Potion"},{"floor":19.0,"key":"Weak Potion"},{"floor":20.0,"key":"Fire Potion"},{"floor":20.0,"key":"Energy Potion"},{"floor":24.0,"key":"LiquidBronze"},{"floor":28.0,"key":"SpeedPotion"},{"floor":30.0,"key":"GhostInAJar"},{"floor":35.0,"key":"PowerPotion"},{"floor":36.0,"key":"PowerPotion"},{"floor":44.0,"key":"SpeedPotion"},{"floor":44.0,"key":"EntropicBrew"},{"floor":44.0,"key":"GhostInAJar"}],"is_trial":false,"path_per_floor":["M","$","?","?","M","R","E","T","T","M","M","T","M","M","R","B",null,"M","M","?","$","M","R","M","R","T","M","M","$","M","T","R","B",null,"M","M","M","?","$","?","M","R","T","?","R","$","R","M","R","B",null],"character_chosen":"THE_SILENT","items_purchased":["Infinite Blades","Blade Dance","Pen Nib","Die Die Die+1","Backstab+1"],"campfire_rested":3,"item_purchase_floors":[2,2,21,29,39],"current_hp_per_floor":[70,70,70,70,70,70,70,70,70,70,70,70,70,70,70,48,70,70,62,62,62,62,70,62,70,70,70,70,70,70,70,70,70,70,70,70,70,70,67,67,64,67,67,67,67,67,67,67,67,35],"gold":112,"neow_bonus":"THREE_ENEMY_KILL","is_prod":false,"is_daily":false,"chose_seed":false,"campfire_upgraded":6,"win_rate":0.0,"timestamp":1550011978,"path_taken":["M","$","?","?","M","R","E","?","T","?","M","?","M","M","R","BOSS","M","M","?","$","?","R","M","R","T","M","M","$","M","?","R","BOSS","M","M","M","?","$","?","?","R","T","?","R","?","R","M","R","BOSS"],"build_version":"2019-01-23","purchased_purges":3,"victory":true,"max_hp_per_floor":[70,70,70,70,70,70,70,70,70,70,70,70,70,70,70,70,70,70,70,70,70,70,70,70,70,70,70,70,70,70,70,70,70,70,70,70,70,70,67,67,67,67,67,67,67,67,67,67,67,67],"card_choices":[{"not_picked":["Dagger Spray","Sucker Punch"],"picked":"Bouncing Flask","floor":1.0},{"not_picked":["Escape Plan","Dagger Spray"],"picked":"Dash","floor":5.0},{"not_picked":["Deadly Poison","Dash"],"picked":"Noxious Fumes","floor":7.0},{"not_picked":["Finisher","Outmaneuver"],"picked":"Backflip","floor":10.0},{"not_picked":["Infinite Blades","Predator"],"picked":"Bouncing Flask","floor":11.0},{"not_picked":["Underhanded Strike+1","Endless Agony+1"],"picked":"Die Die Die+1","floor":13.0},{"not_picked":["Tactician","Blade Dance"],"picked":"Terror","floor":14.0},{"not_picked":["Envenom","Tools of the Trade"],"picked":"Adrenaline","floor":16.0},{"not_picked":["Flying Knee+1","Deadly Poison","Sucker Punch+1"],"picked":"SKIP","floor":18.0},{"not_picked":["Terror","Slice+1"],"picked":"Bane+1","floor":19.0},{"not_picked":["Heel Hook+1","Calculated Gamble+1"],"picked":"PiercingWail+1","floor":22.0},{"not_picked":["Escape Plan","Well Laid Plans"],"picked":"Glass Knife+1","floor":24.0},{"not_picked":["Quick Slash+1","Sucker Punch+1"],"picked":"Backflip+1","floor":27.0},{"not_picked":["Escape Plan+1","Dagger Spray+1"],"picked":"Noxious Fumes","floor":28.0},{"not_picked":["Flying Knee+1","Escape Plan"],"picked":"Backstab+1","floor":30.0},{"not_picked":["Venomology","Night Terror"],"picked":"Envenom","floor":33.0},{"not_picked":["Blade Dance+1","Underhanded Strike+1"],"picked":"Dash+1","floor":35.0},{"not_picked":["Sucker Punch+1","Flying Knee+1"],"picked":"Well Laid Plans+1","floor":36.0},{"not_picked":["Bane+1","All Out Attack+1"],"picked":"Dagger Spray+1","floor":37.0},{"not_picked":["Madness","PanicButton"],"picked":"Dramatic Entrance+1","floor":38.0},{"not_picked":["Dodge and Roll+1","Heel Hook+1","Dagger Throw+1"],"picked":"SKIP","floor":41.0},{"not_picked":["Deflect+1","Prepared+1"],"picked":"Bouncing Flask+1","floor":48.0}],"player_experience":92443,"relics_obtained":[{"floor":7.0,"key":"Ornamental Fan"},{"floor":8.0,"key":"Dodecahedron"},{"floor":9.0,"key":"Bag of Marbles"},{"floor":12.0,"key":"Molten Egg 2"},{"floor":26.0,"key":"Matryoshka"},{"floor":31.0,"key":"Vajra"},{"floor":31.0,"key":"Oddly Smooth Stone"},{"floor":43.0,"key":"Anchor"},{"floor":43.0,"key":"Juzu Bracelet"}],"event_choices":[{"damage_healed":0.0,"max_hp_gain":0.0,"max_hp_loss":0.0,"gold_gain":0.0,"event_name":"Golden Wing","player_choice":"Ignored","floor":3.0,"gold_loss":0.0,"damage_taken":0.0},{"damage_healed":0.0,"max_hp_gain":0.0,"max_hp_loss":0.0,"gold_gain":0.0,"event_name":"Golden Idol","player_choice":"Ignored","floor":4.0,"gold_loss":0.0,"damage_taken":0.0},{"damage_healed":0.0,"max_hp_gain":0.0,"max_hp_loss":0.0,"gold_gain":0.0,"event_name":"Lab","player_choice":"Got Potions","floor":20.0,"gold_loss":0.0,"damage_taken":0.0},{"damage_healed":0.0,"max_hp_gain":0.0,"max_hp_loss":0.0,"gold_gain":0.0,"event_name":"SensoryStone","player_choice":"Memory 1","floor":38.0,"gold_loss":0.0,"damage_taken":0.0},{"damage_healed":0.0,"max_hp_gain":0.0,"max_hp_loss":0.0,"gold_gain":0.0,"event_name":"FaceTrader","player_choice":"Leave","floor":40.0,"gold_loss":0.0,"damage_taken":0.0},{"damage_healed":0.0,"max_hp_gain":0.0,"max_hp_loss":0.0,"gold_gain":0.0,"event_name":"The Woman in Blue","player_choice":"Bought 3 Potions","floor":44.0,"gold_loss":0.0,"damage_taken":0.0}],"is_beta":false,"boss_relics":[{"not_picked":["Busted Crown","Velvet Choker"],"picked":"Black Star"},{"not_picked":["Orrery","Cursed Key"],"picked":"Astrolabe"}],"items_purged_floors":[21,29,39],"is_endless":false,"potions_floor_spawned":[1,11,14,16,19,24,28,30,35,36],"ascension_level":0}