{"gold_per_floor":[214,489,499,252,265,297,317,51,132,132,132,132,150,178,178,278,278,292,12,27,27,45,45,60,60,84,84,183,183,218,38,38,142,142,162,182,35,48,58,58,58],"floor_reached":41,"playtime":2463,"items_purged":["Regret","Strike_B"],"score":467,"play_id":"624e6779-ddc0-45b7-b444-98a2c6d1324d","local_time":"20190106234022","is_ascension_mode":true,"campfire_choices":[{"floor":12,"key":"REST"},{"floor":15,"key":"REST"},{"data":"Loop","floor":23,"key":"SMITH"},{"floor":25,"key":"REST"},{"floor":32,"key":"REST"},{"floor":40,"key":"REST"}],"neow_cost":"NONE","seed_source_timestamp":1485536620969682,"circlet_count":0,"master_deck":["Strike_B","Defend_B","Defend_B","Defend_B+1","Defend_B+1","Zap","Dualcast+1","Consume","Sweeping Beam","Barrage+1","Go for the Eyes","Ball Lightning","Loop+1","Auto Shields","Capacitor","Buffer","Beam Cell+1","Defragment","Dualcast+1","Coolheaded","White Noise+1","Hologram","Leap","Reinforced Body","Machine Learning","Stack","Cold Snap","Seek","Loop+1","Undo+1","Storm","Leap+1"],"relics":["Cracked Core","Orichalcum","Turnip","Juzu Bracelet","Bottled Tornado","Letter Opener","War Paint","White Beast Statue","DollysMirror","Dream Catcher","Vajra","Philosopher\u0027s Stone","Bronze Scales"],"potions_floor_usage":[6,6,16,20,22,24,30,30,33,33,38,38,39,39,41],"damage_taken":[{"damage":0,"enemies":"2 Louse","floor":1,"turns":2},{"damage":2,"enemies":"Cultist","floor":3,"turns":3},{"damage":8,"enemies":"Jaw Worm","floor":5,"turns":4},{"damage":6,"enemies":"Gremlin Nob","floor":6,"turns":3},{"damage":6,"enemies":"Exordium Wildlife","floor":7,"turns":3},{"damage":4,"enemies":"Looter","floor":13,"turns":3},{"damage":18,"enemies":"Lagavulin","floor":14,"turns":5},{"damage":10,"enemies":"Slime Boss","floor":16,"turns":8},{"damage":3,"enemies":"Chosen","floor":18,"turns":6},{"damage":6,"enemies":"Spheric Guardian","floor":20,"turns":4},{"damage":11,"enemies":"Centurion and Healer","floor":22,"turns":8},{"damage":16,"enemies":"Snecko","floor":24,"turns":6},{"damage":37,"enemies":"Slavers","floor":30,"turns":5},{"damage":28,"enemies":"Collector","floor":33,"turns":11},{"damage":34,"enemies":"3 Darklings","floor":35,"turns":6},{"damage":29,"enemies":"3 Shapes","floor":36,"turns":4},{"damage":0,"enemies":"Sphere and 2 Shapes","floor":38,"turns":4},{"damage":11,"enemies":"Spire Growth","floor":39,"turns":7},{"damage":28,"enemies":"Jaw Worm Horde","floor":41,"turns":2}],"seed_played":"-4119606465880336156","potions_obtained":[{"floor":3,"key":"AttackPotion"},{"floor":5,"key":"EntropicBrew"},{"floor":7,"key":"Swift Potion"},{"floor":18,"key":"Fire Potion"},{"floor":20,"key":"SpeedPotion"},{"floor":22,"key":"Energy Potion"},{"floor":24,"key":"Fire Potion"},{"floor":30,"key":"SpeedPotion"},{"floor":33,"key":"FocusPotion"},{"floor":35,"key":"EssenceOfSteel"},{"floor":36,"key":"PowerPotion"},{"floor":38,"key":"GamblersBrew"},{"floor":39,"key":"AttackPotion"}],"is_trial":false,"path_per_floor":["M","?","M","$","M","E","M","$","T","?","T","R","M","E","R","B",null,"M","$","M","?","M","R","M","R","T","?","?","?","E","$","R","B",null,"M","M","$","M","M","R","M"],"character_chosen":"DEFECT","items_purchased":["Orichalcum","Sweeping Beam","Ball Lightning","Loop","Juzu Bracelet","Defragment","DollysMirror","Stack","Cold Snap","Bronze Scales"],"campfire_rested":5,"item_purchase_floors":[4,4,8,8,8,19,19,31,31,37],"current_hp_per_floor":[75,75,73,73,65,59,53,53,53,38,38,60,56,38,60,50,75,72,72,66,66,55,55,44,66,66,66,66,66,29,29,51,23,75,41,12,12,12,1,23,0],"gold":58,"neow_bonus":"HUNDRED_GOLD","is_prod":false,"is_daily":false,"chose_seed":false,"campfire_upgraded":1,"win_rate":0,"timestamp":1546846822,"path_taken":["M","?","?","$","M","E","M","$","T","?","?","R","M","E","R","BOSS","M","$","M","?","M","R","M","R","T","?","?","?","E","$","R","BOSS","M","M","$","M","M","R","M"],"build_version":"2019-01-03v4","purchased_purges":2,"victory":false,"max_hp_per_floor":[75,75,75,75,75,75,75,75,75,75,75,75,75,75,75,75,75,75,75,75,75,75,75,75,75,75,75,75,75,75,75,75,75,75,75,75,75,75,75,75,75],"card_choices":[{"not_picked":["Hologram","Recycle","Barrage"],"picked":"SKIP","floor":1},{"not_picked":["Steam","Rebound"],"picked":"Consume","floor":3},{"not_picked":["Undo","Tempest"],"picked":"Barrage","floor":5},{"not_picked":["Beam Cell","Redo"],"picked":"Go for the Eyes","floor":6},{"not_picked":["Conserve Battery","Stack","Compile Driver"],"picked":"SKIP","floor":7},{"not_picked":["Compile Driver","Static Discharge"],"picked":"Auto Shields","floor":13},{"not_picked":["Multi-Cast","Self Repair"],"picked":"Capacitor","floor":14},{"not_picked":["Multi-Cast","Biased Cognition"],"picked":"Buffer","floor":16},{"not_picked":["Stack","Ball Lightning"],"picked":"Beam Cell+1","floor":18},{"not_picked":["Turbo+1","Sweeping Beam","Auto Shields"],"picked":"SKIP","floor":20},{"not_picked":["Barrage","Sunder"],"picked":"White Noise+1","floor":22},{"not_picked":["Steam","Gash"],"picked":"Hologram","floor":24},{"not_picked":["Heatsinks+1","Streamline+1"],"picked":"Machine Learning","floor":30},{"not_picked":["Rainbow","Thunder Strike"],"picked":"Seek","floor":33},{"not_picked":["Cold Snap+1","Genetic Algorithm+1"],"picked":"Loop+1","floor":35},{"not_picked":["Cold Snap","Hologram+1","Lockon+1"],"picked":"SKIP","floor":36},{"not_picked":["Force Field","Hologram+1"],"picked":"Undo+1","floor":38},{"not_picked":["Blizzard+1","Self Repair"],"picked":"Storm","floor":39},{"not_picked":["Undo+1","Cold Snap+1"],"picked":"Leap+1","floor":40}],"player_experience":108912,"relics_obtained":[{"floor":6,"key":"Turnip"},{"floor":9,"key":"Bottled Tornado"},{"floor":11,"key":"Letter Opener"},{"floor":14,"key":"War Paint"},{"floor":26,"key":"Dream Catcher"},{"floor":30,"key":"Vajra"}],"event_choices":[{"damage_healed":0,"gold_gain":275,"player_choice":"Desecrate","damage_taken":0,"max_hp_gain":0,"max_hp_loss":0,"event_name":"Golden Shrine","floor":2,"gold_loss":0,"cards_obtained":["Regret"]},{"damage_healed":0,"gold_gain":0,"player_choice":"Entered Light","damage_taken":15,"max_hp_gain":0,"max_hp_loss":0,"event_name":"Shining Light","floor":10,"gold_loss":0,"cards_upgraded":["Barrage","Defend_B"]},{"damage_healed":0,"gold_gain":0,"player_choice":"Read","damage_taken":0,"max_hp_gain":0,"max_hp_loss":0,"event_name":"The Library","floor":21,"gold_loss":0,"cards_obtained":["Coolheaded"]},{"damage_healed":0,"gold_gain":0,"cards_transformed":["Strike_B","Strike_B"],"player_choice":"Became Test Subject","damage_taken":0,"max_hp_gain":0,"max_hp_loss":0,"event_name":"Drug Dealer","floor":27,"gold_loss":0,"cards_obtained":["Leap","Reinforced Body"]},{"damage_healed":0,"gold_gain":99,"player_choice":"Stole From Cult","damage_taken":0,"max_hp_gain":0,"max_hp_loss":0,"event_name":"Nest","floor":28,"gold_loss":0},{"damage_healed":0,"gold_gain":0,"player_choice":"Got Potions","damage_taken":0,"max_hp_gain":0,"max_hp_loss":0,"event_name":"Lab","floor":29,"gold_loss":0}],"is_beta":false,"boss_relics":[{"not_picked":["Tiny House","Runic Pyramid"],"picked":"White Beast Statue"},{"not_picked":["Sozu","Empty Cage"],"picked":"Philosopher\u0027s Stone"}],"items_purged_floors":[4,31],"is_endless":false,"potions_floor_spawned":[3,5,7,18,20,22,24,30,33,35,36,38,39],"killed_by":"Jaw Worm Horde","ascension_level":1}