{"gold_per_floor":[217,232,72,72,72,101,116,132,132,132,142,155,155,183,183,282,282,292,292,63,78,78,78,111,124,124,69,69,69,69],"floor_reached":30,"playtime":1849,"items_purged":[],"score":322,"play_id":"dce94c97-0c1f-4b57-8f7e-b21575c469ff","local_time":"20190113064304","is_ascension_mode":true,"campfire_choices":[{"data":"Streamline","floor":10.0,"key":"SMITH"},{"data":"Rainbow","floor":13.0,"key":"SMITH"},{"data":"Redo","floor":15.0,"key":"SMITH"},{"data":"Glacier","floor":23.0,"key":"SMITH"}],"neow_cost":"NONE","seed_source_timestamp":276023960457025,"circlet_count":0,"master_deck":["Defend_B+1","Defend_B+1","Defend_B+1","Defend_B+1","Zap","Dualcast","Ball Lightning","Glacier+1","Redo+1","Self Repair","Rebound","Streamline+1","Leap","Rainbow+1","Coolheaded","Steam","Conserve Battery","Thunder Strike","Cold Snap","Bite","Bite","Bite","Bite","Bite","Static Discharge","Go for the Eyes+1","Ball Lightning","Hologram"],"special_seed":0,"relics":["Cracked Core","Regal Pillow","Meat on the Bone","Pen Nib","Letter Opener","White Beast Statue","OrangePellets","Centennial Puzzle","Tiny Chest","Enchiridion"],"potions_floor_usage":[],"damage_taken":[{"damage":0.0,"enemies":"Cultist","floor":1.0,"turns":4.0},{"damage":0.0,"enemies":"Small Slimes","floor":2.0,"turns":2.0},{"damage":40.0,"enemies":"Gremlin Nob","floor":6.0,"turns":5.0},{"damage":2.0,"enemies":"Jaw Worm","floor":7.0,"turns":3.0},{"damage":0.0,"enemies":"Exordium Thugs","floor":8.0,"turns":3.0},{"damage":21.0,"enemies":"Gremlin Gang","floor":11.0,"turns":5.0},{"damage":1.0,"enemies":"3 Louse","floor":12.0,"turns":3.0},{"damage":5.0,"enemies":"3 Sentries","floor":14.0,"turns":5.0},{"damage":33.0,"enemies":"Hexaghost","floor":16.0,"turns":9.0},{"damage":30.0,"enemies":"2 Thieves","floor":18.0,"turns":4.0},{"damage":0.0,"enemies":"Spheric Guardian","floor":21.0,"turns":3.0},{"damage":24.0,"enemies":"Slavers","floor":24.0,"turns":7.0},{"damage":9.0,"enemies":"Snake Plant","floor":25.0,"turns":4.0},{"damage":28,"enemies":"Gremlin Leader","floor":30,"turns":4}],"seed_played":"3055517929796296283","potions_obtained":[{"floor":6.0,"key":"Fire Potion"},{"floor":11.0,"key":"Block Potion"},{"floor":12.0,"key":"GamblersBrew"},{"floor":14.0,"key":"SkillPotion"},{"floor":16.0,"key":"Swift Potion"},{"floor":21.0,"key":"Strength Potion"},{"floor":24.0,"key":"Energy Potion"},{"floor":25.0,"key":"Poison Potion"}],"is_trial":false,"path_per_floor":["M","M","$","?","?","E","M","M","T","R","M","M","R","E","R","B",null,"M","?","$","M","?","R","E","M","T","?","$","?","E"],"character_chosen":"DEFECT","items_purchased":["Redo","Self Repair","Rebound","OrangePellets","Static Discharge"],"campfire_rested":0,"item_purchase_floors":[3,3,3,20,20],"current_hp_per_floor":[75,75,75,72,72,39,56,56,56,56,54,60,60,62,62,48,75,45,45,45,49,49,49,36,33,33,33,33,17,0],"gold":69,"neow_bonus":"HUNDRED_GOLD","is_prod":false,"is_daily":false,"chose_seed":false,"campfire_upgraded":4,"win_rate":0,"timestamp":1547358184,"path_taken":["M","M","$","?","?","E","M","M","T","R","M","M","R","E","R","BOSS","M","?","$","M","?","R","E","M","T","?","$","?","E"],"build_version":"2019-01-10","purchased_purges":0,"victory":false,"max_hp_per_floor":[75,75,75,75,75,75,75,75,75,75,75,75,75,75,75,75,75,75,52,52,52,52,52,52,52,52,52,52,52,52],"card_choices":[{"not_picked":["Hologram","Loop"],"picked":"Ball Lightning","floor":1.0},{"not_picked":["Redo","Rebound"],"picked":"Glacier","floor":2.0},{"not_picked":["Reinforced Body","Stack"],"picked":"Streamline","floor":6.0},{"not_picked":["Streamline","White Noise"],"picked":"Leap","floor":7.0},{"not_picked":["Doom and Gloom","Stack"],"picked":"Rainbow","floor":8.0},{"not_picked":["Steam","Aggregate"],"picked":"Coolheaded","floor":11.0},{"not_picked":["Streamline","Turbo"],"picked":"Steam","floor":12.0},{"not_picked":["Coolheaded","Steam"],"picked":"Conserve Battery","floor":14.0},{"not_picked":["Hyperbeam","Rainbow"],"picked":"Thunder Strike","floor":16.0},{"not_picked":["Go for the Eyes","Self Repair"],"picked":"Cold Snap","floor":18.0},{"not_picked":["Barrage","Lockon"],"picked":"Go for the Eyes+1","floor":21.0},{"not_picked":["Sweeping Beam","Gash+1"],"picked":"Ball Lightning","floor":24.0},{"not_picked":["Sweeping Beam","Ball Lightning+1"],"picked":"Hologram","floor":25.0}],"player_experience":269596,"relics_obtained":[{"floor":6.0,"key":"Meat on the Bone"},{"floor":9.0,"key":"Pen Nib"},{"floor":14.0,"key":"Letter Opener"},{"floor":24.0,"key":"Centennial Puzzle"},{"floor":29.0,"key":"Enchiridion"}],"event_choices":[{"damage_healed":0.0,"max_hp_gain":0.0,"max_hp_loss":0.0,"gold_gain":0.0,"event_name":"Scrap Ooze","player_choice":"Success","floor":4.0,"gold_loss":0.0,"damage_taken":3.0,"relics_obtained":["Regal Pillow"]},{"damage_healed":0.0,"max_hp_gain":0.0,"max_hp_loss":0.0,"gold_gain":0.0,"event_name":"Liars Game","player_choice":"Ignored","floor":5.0,"gold_loss":0.0,"damage_taken":0.0},{"damage_healed":0.0,"max_hp_gain":0.0,"max_hp_loss":23.0,"gold_gain":0.0,"event_name":"Vampires","player_choice":"Became a vampire","floor":19.0,"gold_loss":0.0,"damage_taken":0.0,"cards_obtained":["Bite","Bite","Bite","Bite","Bite"]},{"damage_healed":0.0,"max_hp_gain":0.0,"max_hp_loss":0.0,"gold_gain":0.0,"event_name":"Back to Basics","player_choice":"Simplicity","floor":22.0,"gold_loss":0.0,"damage_taken":0.0,"cards_upgraded":["Defend_B","Defend_B","Defend_B","Defend_B"]},{"damage_healed":0.0,"max_hp_gain":0.0,"max_hp_loss":0.0,"gold_gain":0.0,"event_name":"Addict","player_choice":"Obtained Relic","floor":27.0,"gold_loss":85.0,"damage_taken":0.0,"relics_obtained":["Tiny Chest"]},{"damage_healed":0.0,"max_hp_gain":0.0,"max_hp_loss":0.0,"gold_gain":0.0,"event_name":"Cursed Tome","player_choice":"Obtained Book","floor":29.0,"gold_loss":0.0,"damage_taken":16.0}],"is_beta":false,"boss_relics":[{"not_picked":["Fusion Hammer","Philosopher\u0027s Stone"],"picked":"White Beast Statue"}],"items_purged_floors":[],"is_endless":false,"potions_floor_spawned":[6,11,12,14,16,18,21,24,25],"killed_by":"Gremlin Leader","ascension_level":3}