{"gold_per_floor":[114,38,55,55,55,87,105,105,105,136,154,121,133,158,158,256,256,270,281,4,4,4,4,20,30,30,30],"floor_reached":27,"playtime":1333,"items_purged":[],"score":438,"play_id":"68c4875a-31dc-4f87-8693-a2243bd90b38","local_time":"20190129124858","is_ascension_mode":true,"campfire_choices":[{"data":"Body Slam","floor":8.0,"key":"SMITH"},{"floor":15.0,"key":"REST"},{"floor":23.0,"key":"REST"}],"neow_cost":"NONE","seed_source_timestamp":0,"circlet_count":0,"master_deck":["AscendersBane","Defend_R","Defend_R","Defend_R","Defend_R","Bash","Iron Wave+1","Metallicize+1","Armaments","True Grit","Body Slam+1","Twin Strike","Rampage","Uppercut","Impervious","Disarm","Spot Weakness","Body Slam","Shrug It Off","Impervious","Seeing Red","Clash","Evolve+1","Bite","Bite","Bite","Bite","Bite","Iron Wave+1","Entrench"],"special_seed":0,"relics":["Burning Blood","NeowsBlessing","Frozen Egg 2","Champion Belt","Incense Burner","Orrery","Mummified Hand","Bottled Lightning"],"potions_floor_usage":[27],"damage_taken":[{"damage":0.0,"enemies":"Cultist","floor":1.0,"turns":1.0},{"damage":0.0,"enemies":"Small Slimes","floor":3.0,"turns":1.0},{"damage":0.0,"enemies":"3 Sentries","floor":6.0,"turns":2.0},{"damage":0.0,"enemies":"2 Louse","floor":7.0,"turns":5.0},{"damage":28.0,"enemies":"Gremlin Nob","floor":10.0,"turns":5.0},{"damage":23.0,"enemies":"Exordium Thugs","floor":11.0,"turns":6.0},{"damage":18.0,"enemies":"Lots of Slimes","floor":13.0,"turns":6.0},{"damage":23.0,"enemies":"Lagavulin","floor":14.0,"turns":8.0},{"damage":14.0,"enemies":"Hexaghost","floor":16.0,"turns":15.0},{"damage":54.0,"enemies":"3 Byrds","floor":18.0,"turns":9.0},{"damage":0.0,"enemies":"Spheric Guardian","floor":19.0,"turns":3.0},{"damage":17.0,"enemies":"Colosseum Slavers","floor":21.0,"turns":6.0},{"damage":23.0,"enemies":"Snecko","floor":24.0,"turns":7.0},{"damage":35.0,"enemies":"Chosen and Byrds","floor":25.0,"turns":9.0},{"damage":20,"enemies":"Shelled Parasite and Fungi","floor":27,"turns":1}],"seed_played":"8274304341067128639","potions_obtained":[{"floor":1.0,"key":"SteroidPotion"},{"floor":13.0,"key":"LiquidBronze"},{"floor":16.0,"key":"Ancient Potion"}],"is_trial":false,"path_per_floor":["M","$","M","?","?","E","M","R","T","E","M","$","M","E","R","B",null,"M","M","$","?","?","R","M","M","T","M"],"character_chosen":"IRONCLAD","items_purchased":["Metallicize","Rampage","Mummified Hand","Evolve+1"],"campfire_rested":2,"item_purchase_floors":[2,12,20,20],"current_hp_per_floor":[78,78,80,64,64,70,76,76,76,54,37,37,25,8,32,26,67,21,29,29,20,20,44,33,14,14,0],"gold":30,"neow_bonus":"THREE_ENEMY_KILL","is_prod":false,"is_daily":false,"chose_seed":false,"campfire_upgraded":1,"win_rate":0,"timestamp":1548784138,"path_taken":["M","?","M","?","?","E","M","R","T","E","?","$","M","E","R","BOSS","M","M","$","?","?","R","M","?","T","M"],"build_version":"2019-01-23","purchased_purges":0,"victory":false,"max_hp_per_floor":[80,80,80,80,80,80,80,80,80,80,80,80,80,80,80,80,80,80,80,80,80,80,80,80,80,80,80],"card_choices":[{"not_picked":["Evolve","Sword Boomerang"],"picked":"Iron Wave","floor":1.0},{"not_picked":["Pommel Strike","Twin Strike"],"picked":"Armaments","floor":3.0},{"not_picked":["Blood for Blood","Warcry"],"picked":"True Grit","floor":6.0},{"not_picked":["Heavy Blade","Perfected Strike"],"picked":"Body Slam","floor":7.0},{"not_picked":["Brutality+1","Havoc","Whirlwind"],"picked":"SKIP","floor":10.0},{"not_picked":["Clash","Heavy Blade"],"picked":"Twin Strike","floor":11.0},{"not_picked":["Clothesline","Rupture+1"],"picked":"Uppercut","floor":13.0},{"not_picked":["Warcry","Anger","Havoc"],"picked":"SKIP","floor":14.0},{"not_picked":["Fiend Fire","Reaper"],"picked":"Impervious","floor":16.0},{"not_picked":["Clothesline","Havoc"],"picked":"Disarm","floor":17.0},{"not_picked":["Heavy Blade","Inflame+1"],"picked":"Spot Weakness","floor":17.0},{"not_picked":["Heavy Blade","Cleave"],"picked":"Body Slam","floor":17.0},{"not_picked":["Carnage","Dual Wield"],"picked":"Shrug It Off","floor":17.0},{"not_picked":["Iron Wave","Twin Strike"],"picked":"Impervious","floor":17.0},{"not_picked":["Sword Boomerang","Carnage"],"picked":"Seeing Red","floor":18.0},{"not_picked":["Uppercut","Twin Strike"],"picked":"Clash","floor":19.0},{"not_picked":["Battle Trance","Seeing Red+1"],"picked":"Iron Wave+1","floor":24.0},{"not_picked":["Body Slam+1","Perfected Strike"],"picked":"Entrench","floor":25.0}],"player_experience":565008,"relics_obtained":[{"floor":6.0,"key":"Frozen Egg 2"},{"floor":9.0,"key":"Champion Belt"},{"floor":10.0,"key":"Incense Burner"},{"floor":14.0,"key":"Blood Vial"},{"floor":26.0,"key":"Bottled Lightning"}],"event_choices":[{"damage_healed":0.0,"max_hp_gain":0.0,"max_hp_loss":0.0,"gold_gain":0.0,"event_name":"Shining Light","player_choice":"Entered Light","floor":4.0,"gold_loss":0.0,"damage_taken":16.0,"cards_upgraded":["Metallicize","Iron Wave"]},{"cards_removed":["Strike_R"],"damage_healed":0.0,"max_hp_gain":0.0,"max_hp_loss":0.0,"gold_gain":0.0,"event_name":"Purifier","player_choice":"Purged","floor":5.0,"gold_loss":0.0,"damage_taken":0.0},{"damage_healed":0.0,"max_hp_gain":0.0,"max_hp_loss":0.0,"gold_gain":0.0,"event_name":"Colosseum","player_choice":"Fight","floor":21.0,"gold_loss":0.0,"damage_taken":0.0},{"damage_healed":0.0,"max_hp_gain":0.0,"max_hp_loss":0.0,"gold_gain":0.0,"event_name":"Colosseum","player_choice":"Fled From Nobs","floor":21.0,"gold_loss":0.0,"damage_taken":0.0},{"damage_healed":0.0,"max_hp_gain":0.0,"max_hp_loss":0.0,"gold_gain":0.0,"event_name":"Vampires","player_choice":"Became a vampire (Vial)","floor":22.0,"relics_lost":["Blood Vial"],"gold_loss":0.0,"damage_taken":0.0,"cards_obtained":["Bite","Bite","Bite","Bite","Bite"]}],"is_beta":true,"boss_relics":[{"not_picked":["White Beast Statue","Philosopher\u0027s Stone"],"picked":"Orrery"}],"items_purged_floors":[],"is_endless":false,"potions_floor_spawned":[1,13,16,18,19,21,25],"killed_by":"Shelled Parasite and Fungi","ascension_level":12}