{"gold_per_floor":[114,128,138,154,171,171,346,10,56,81,94,94,113,141,141,246,246,256,256,18,37,49,49,49],"floor_reached":24,"playtime":1682,"items_purged":["Doubt"],"score":326,"play_id":"10189f8d-15e1-4a71-9659-095cb2dee54e","local_time":"20181031215143","is_ascension_mode":true,"campfire_choices":[{"floor":6.0,"key":"REST"},{"floor":12.0,"key":"REST"},{"floor":15.0,"key":"REST"},{"data":"Entrench","floor":23,"key":"SMITH"}],"neow_cost":"NONE","seed_source_timestamp":0,"circlet_count":0,"master_deck":["Strike_R","Strike_R","Strike_R","Strike_R","Strike_R","Defend_R","Defend_R","Defend_R","Defend_R","Bash","AscendersBane","Trip","Entrench+1","True Grit","Combust","Uppercut","Spot Weakness","Magnetism","Clothesline","Anger","Anger","Carnage","Iron Wave","Feed","Pommel Strike+1","Feel No Pain","Dropkick"],"special_seed":0,"relics":["Burning Blood","Centennial Puzzle","Mercury Hourglass","Ancient Tea Set","Coffee Dripper","Mummified Hand"],"potions_floor_usage":[],"damage_taken":[{"damage":0.0,"enemies":"Cultist","floor":1.0,"turns":3.0},{"damage":8.0,"enemies":"2 Louse","floor":2.0,"turns":3.0},{"damage":9.0,"enemies":"Jaw Worm","floor":3.0,"turns":3.0},{"damage":22.0,"enemies":"3 Louse","floor":4.0,"turns":3.0},{"damage":25.0,"enemies":"2 Fungi Beasts","floor":5.0,"turns":4.0},{"damage":42.0,"enemies":"Gremlin Nob","floor":10.0,"turns":5.0},{"damage":4.0,"enemies":"Looter","floor":11.0,"turns":2.0},{"damage":14.0,"enemies":"Exordium Thugs","floor":13.0,"turns":4.0},{"damage":32.0,"enemies":"Lagavulin","floor":14.0,"turns":5.0},{"damage":9.0,"enemies":"Slime Boss","floor":16.0,"turns":8.0},{"damage":24.0,"enemies":"2 Thieves","floor":18.0,"turns":4.0},{"damage":23.0,"enemies":"Colosseum Slavers","floor":19.0,"turns":5.0},{"damage":10,"enemies":"Spheric Guardian","floor":21,"turns":3},{"damage":23,"enemies":"Snake Plant","floor":22,"turns":3},{"damage":24,"enemies":"Sentry and Sphere","floor":24,"turns":4}],"seed_played":"-861597177745341692","potions_obtained":[{"floor":1.0,"key":"EssenceOfSteel"},{"floor":2.0,"key":"Weak Potion"},{"floor":4.0,"key":"Dexterity Potion"},{"floor":5.0,"key":"Regen Potion"},{"floor":13.0,"key":"Poison Potion"},{"floor":14.0,"key":"Fire Potion"}],"is_trial":false,"path_per_floor":["M","M","M","M","M","R","?","$","T","E","M","R","M","E","R","B",null,"M","?","$","M","M","R"],"character_chosen":"IRONCLAD","items_purchased":["Spot Weakness","Magnetism","Clothesline","Mummified Hand"],"campfire_rested":3,"item_purchase_floors":[8,8,8,20],"current_hp_per_floor":[78,76,73,57,38,62,62,62,62,31,33,57,49,23,47,44,71,53,36,36,35,21,21,0],"gold":49,"neow_bonus":"RANDOM_COLORLESS","is_prod":false,"is_daily":false,"chose_seed":false,"campfire_upgraded":1,"win_rate":0,"timestamp":1541037103,"path_taken":["M","M","M","?","M","R","?","$","T","E","M","R","M","E","R","BOSS","M","?","$","?","M","R","M"],"build_version":"2018-10-25v2","purchased_purges":1,"victory":false,"max_hp_per_floor":[80,80,80,80,80,80,80,80,80,80,80,80,80,80,80,80,80,80,80,80,83,86,86,86],"card_choices":[{"not_picked":["Thunderclap","Cleave"],"picked":"Entrench","floor":1.0},{"not_picked":["Hemokinesis","Thunderclap"],"picked":"True Grit","floor":2.0},{"not_picked":["Cleave","Thunderclap"],"picked":"Combust","floor":3.0},{"not_picked":["Rage","Perfected Strike"],"picked":"Uppercut","floor":4.0},{"not_picked":["Clash","Entrench","Cleave"],"picked":"SKIP","floor":5.0},{"not_picked":["Clothesline","Headbutt"],"picked":"Anger","floor":10.0},{"not_picked":["Clash","Cleave"],"picked":"Anger","floor":11.0},{"not_picked":["Berserk","Clash"],"picked":"Carnage","floor":13.0},{"not_picked":["Flex","Warcry"],"picked":"Iron Wave","floor":14.0},{"not_picked":["Offering","Brutality"],"picked":"Feed","floor":16.0},{"not_picked":["Disarm","Headbutt"],"picked":"Pommel Strike+1","floor":18.0},{"not_picked":["Sword Boomerang","Intimidate"],"picked":"Feel No Pain","floor":21},{"not_picked":["Power Through","Havoc"],"picked":"Dropkick","floor":22}],"player_experience":673203,"relics_obtained":[{"floor":9.0,"key":"Centennial Puzzle"},{"floor":10.0,"key":"Mercury Hourglass"},{"floor":14.0,"key":"Ancient Tea Set"}],"event_choices":[{"damage_healed":0.0,"max_hp_gain":0.0,"max_hp_loss":0.0,"gold_gain":175.0,"event_name":"Liars Game","player_choice":"AGREE","floor":7.0,"gold_loss":0.0,"damage_taken":0.0,"cards_obtained":["Doubt"]},{"damage_healed":0.0,"max_hp_gain":0.0,"max_hp_loss":0.0,"gold_gain":0.0,"event_name":"Colosseum","player_choice":"Fight","floor":19.0,"gold_loss":0.0,"damage_taken":0.0},{"damage_healed":0.0,"max_hp_gain":0.0,"max_hp_loss":0.0,"gold_gain":0.0,"event_name":"Colosseum","player_choice":"Fled From Nobs","floor":19.0,"gold_loss":0.0,"damage_taken":0.0}],"is_beta":false,"boss_relics":[{"not_picked":["Busted Crown","Tiny House"],"picked":"Coffee Dripper"}],"items_purged_floors":[8],"is_endless":false,"potions_floor_spawned":[1,2,4,5,13,14,19],"killed_by":"Sentry and Sphere","ascension_level":11}