{"gold_per_floor":[119,129,142,67,67,67,97,97,97,97,97,97,112,12,12,115,165,130,144,19,30,41,41,70,70,125,136,136,156,6,19,19,118,118,137,137,137,137,155,155,184,194,221,221],"floor_reached":44,"playtime":4305,"items_purged":["Strike_G","Strike_G","Defend_G","Defend_G"],"score":527,"play_id":"9600c73b-cc3f-4495-a114-fbcf41bdd76b","local_time":"20180930120647","is_ascension_mode":true,"campfire_choices":[{"data":"Noxious Fumes","floor":6,"key":"SMITH"},{"data":"Deadly Poison","floor":8,"key":"SMITH"},{"data":"Leg Sweep","floor":15,"key":"SMITH"},{"data":"Tools of the Trade","floor":23,"key":"SMITH"},{"data":"Survivor","floor":28,"key":"SMITH"},{"data":"Defend_G","floor":32,"key":"SMITH"},{"data":"Defend_G","floor":40,"key":"SMITH"}],"neow_cost":"NONE","seed_source_timestamp":48981382886778,"circlet_count":0,"master_deck":["Defend_G+1","Defend_G+1","Survivor+1","Neutralize+1","Leg Sweep+1","Deadly Poison+1","Noxious Fumes+1","Deadly Poison+1","Escape Plan+1","Well Laid Plans+1","Backflip+1","Prepared+1"],"relics":["Ring of the Snake","Toxic Egg 2","Oddly Smooth Stone","Juzu Bracelet","Tiny House","Bag of Marbles","Omamori","Orrery","Molten Egg 2","Vajra"],"potions_floor_usage":[18,41,41,44],"damage_taken":[{"damage":0,"enemies":"Jaw Worm","floor":1,"turns":6},{"damage":0,"enemies":"Cultist","floor":2,"turns":6},{"damage":0,"enemies":"Small Slimes","floor":3,"turns":7},{"damage":6,"enemies":"Lagavulin","floor":7,"turns":8},{"damage":3,"enemies":"Exordium Thugs","floor":13,"turns":5},{"damage":31,"enemies":"Slime Boss","floor":16,"turns":11},{"damage":2,"enemies":"2 Thieves","floor":18,"turns":5},{"damage":0,"enemies":"Spheric Guardian","floor":19,"turns":3},{"damage":0,"enemies":"Centurion and Healer","floor":21,"turns":8},{"damage":8,"enemies":"Snecko","floor":22,"turns":6},{"damage":13,"enemies":"Slavers","floor":24,"turns":7},{"damage":1,"enemies":"Snake Plant","floor":27,"turns":5},{"damage":0,"enemies":"Shelled Parasite and Fungi","floor":29,"turns":5},{"damage":0,"enemies":"Sentry and Sphere","floor":31,"turns":4},{"damage":2,"enemies":"Champ","floor":33,"turns":11},{"damage":2,"enemies":"3 Darklings","floor":35,"turns":5},{"damage":18,"enemies":"3 Shapes","floor":39,"turns":6},{"damage":15,"enemies":"Nemesis","floor":41,"turns":9},{"damage":1,"enemies":"Sphere and 2 Shapes","floor":42,"turns":4},{"damage":55,"enemies":"2 Orb Walkers","floor":44,"turns":6}],"seed_played":"8646263270687606351","potions_obtained":[{"floor":2,"key":"SkillPotion"},{"floor":17,"key":"Weak Potion"},{"floor":19,"key":"EssenceOfSteel"},{"floor":21,"key":"Ancient Potion"},{"floor":29,"key":"EssenceOfSteel"},{"floor":41,"key":"Explosive Potion"}],"is_trial":false,"path_per_floor":["M","M","M","$","?","R","E","R","T","$","T","?","M","$","R","B",null,"M","M","$","M","M","R","E","$","T","M","R","M","$","M","R","B",null,"M","?","?","$","M","R","E","M","T"],"character_chosen":"THE_SILENT","items_purchased":[],"campfire_rested":0,"item_purchase_floors":[],"current_hp_per_floor":[70,70,70,70,70,70,64,64,64,64,64,64,61,61,61,30,75,73,73,73,73,65,65,52,52,52,51,51,51,51,51,51,49,75,73,73,73,73,55,55,40,39,39,0],"gold":221,"neow_bonus":"REMOVE_CARD","is_prod":false,"is_daily":false,"chose_seed":false,"campfire_upgraded":7,"win_rate":0,"timestamp":1538302007,"path_taken":["M","M","M","$","?","R","E","R","T","?","?","?","M","?","R","BOSS","M","M","$","M","M","R","E","$","T","M","R","M","$","M","R","BOSS","M","?","?","$","M","R","E","M","T","E"],"build_version":"2018-09-27","purchased_purges":4,"victory":false,"max_hp_per_floor":[70,70,70,70,70,70,70,70,70,70,70,70,70,70,70,70,75,75,75,75,75,75,75,75,75,75,75,75,75,75,75,75,75,75,75,75,75,75,75,75,75,75,75,75],"card_choices":[{"not_picked":["Dagger Throw","Choke","Backstab"],"picked":"SKIP","floor":1},{"not_picked":["Slice","Eviscerate"],"picked":"Leg Sweep","floor":2},{"not_picked":["Prepared","Dodge and Roll"],"picked":"Deadly Poison","floor":3},{"not_picked":["Outmaneuver","Quick Slash","Dash"],"picked":"SKIP","floor":7},{"not_picked":["Noxious Fumes","Eviscerate"],"picked":"Deadly Poison+1","floor":13},{"not_picked":["Storm of Steel+1","Doppelganger+1"],"picked":"Tools of the Trade","floor":16},{"not_picked":["Dagger Spray","Riddle With Holes","Bane+1"],"picked":"SKIP","floor":18},{"not_picked":["Dodge and Roll+1","Flying Knee+1"],"picked":"Escape Plan+1","floor":19},{"not_picked":["Burst+1","Sucker Punch"],"picked":"Well Laid Plans+1","floor":21},{"not_picked":["Sucker Punch","Distraction+1","Reflex+1"],"picked":"SKIP","floor":22},{"not_picked":["Predator","Backstab+1"],"picked":"Backflip+1","floor":24},{"not_picked":["PiercingWail+1","Choke","Quick Slash"],"picked":"SKIP","floor":27},{"not_picked":["Quick Slash+1","Calculated Gamble+1","Sucker Punch+1"],"picked":"SKIP","floor":29},{"not_picked":["Phantasmal Killer+1","Well Laid Plans+1"],"picked":"Prepared+1","floor":31},{"not_picked":["Dagger Spray","Masterful Stab+1","Outmaneuver+1"],"picked":"SKIP","floor":35},{"not_picked":["Slice","Blade Dance+1","Deadly Poison+1"],"picked":"SKIP","floor":39},{"not_picked":["Deadly Poison+1","Concentrate+1","Dodge and Roll+1"],"picked":"SKIP","floor":41},{"not_picked":["Calculated Gamble+1","Deadly Poison+1","Escape Plan+1"],"picked":"SKIP","floor":42}],"player_experience":141208,"relics_obtained":[{"floor":7,"key":"Toxic Egg 2"},{"floor":9,"key":"Oddly Smooth Stone"},{"floor":11,"key":"Juzu Bracelet"},{"floor":24,"key":"Bag of Marbles"},{"floor":26,"key":"Omamori"},{"floor":41,"key":"Molten Egg 2"},{"floor":43,"key":"Vajra"}],"event_choices":[{"event_name":"Transmorgrifier","player_choice":"Transform","floor":5,"damage_taken":0},{"event_name":"Purifier","player_choice":"One Purge","floor":12,"damage_taken":0},{"event_name":"Purifier","player_choice":"One Purge","floor":36,"damage_taken":0},{"event_name":"Falling","player_choice":"Removed Power","floor":37,"damage_taken":0}],"is_beta":false,"boss_relics":[{"not_picked":["Astrolabe","Pandora\u0027s Box"],"picked":"Tiny House"},{"not_picked":["Velvet Choker","Black Star"],"picked":"Orrery"}],"items_purged_floors":[4,14,20,30],"is_endless":false,"potions_floor_spawned":[2,19,21,29,39,41],"killed_by":"2 Orb Walkers","ascension_level":3}