{"gold_per_floor":[18,36,52,62,73,99,110,110,110,135,155,155,167,178,178,255,255,266,285,22,33,50,50,81,81,81,98,98,126,138,157,157,234,234,253,2,0,0,11,46,46,46,46,79,179,210,228,278,278,278,278,278,36,65,65],"floor_reached":56,"playtime":5967,"items_purged":["Strike_R","Defend_R"],"score":2107,"play_id":"a015c6d8-0781-48a8-98ad-73cfeb8b618e","local_time":"20181127140436","is_ascension_mode":true,"campfire_choices":[{"floor":8.0,"key":"REST"},{"floor":15.0,"key":"REST"},{"floor":23.0,"key":"RECALL"},{"floor":25.0,"key":"REST"},{"floor":32.0,"key":"REST"},{"floor":41.0,"key":"REST"},{"floor":49.0,"key":"DIG"},{"floor":52.0,"key":"DIG"}],"neow_cost":"NO_GOLD","seed_source_timestamp":0,"circlet_count":0,"master_deck":["AscendersBane","Strike_R","Strike_R","Strike_R","Defend_R","Defend_R+1","Defend_R","Bash","Master of Strategy+1","Metamorphosis","Armaments+1","Pommel Strike","Clothesline","Ghostly Armor","Uppercut","Whirlwind","Feel No Pain","True Grit","Demon Form","Impervious","Shrug It Off","Clothesline+1","Dark Embrace","Shrug It Off","Entrench","Perfected Strike","Demon Form","Shrug It Off","Bludgeon","Shrug It Off+1","Heavy Blade+1","Madness","Madness","Reaper","Heavy Blade","Evolve"],"special_seed":0,"relics":["Burning Blood","Happy Flower","Pear","Snecko Eye","War Paint","Kunai","Letter Opener","Fusion Hammer","Red Mask","StoneCalendar","Singing Bowl","Ginger","Shovel","Pen Nib","Nunchaku","Anchor","Bottled Tornado","Lee\u0027s Waffle","Matryoshka"],"potions_floor_usage":[],"damage_taken":[{"damage":0.0,"enemies":"Cultist","floor":1.0,"turns":2.0},{"damage":4.0,"enemies":"Jaw Worm","floor":2.0,"turns":3.0},{"damage":9.0,"enemies":"Small Slimes","floor":3.0,"turns":3.0},{"damage":7.0,"enemies":"Red Slaver","floor":4.0,"turns":4.0},{"damage":3.0,"enemies":"Blue Slaver","floor":5.0,"turns":3.0},{"damage":48.0,"enemies":"Gremlin Nob","floor":6.0,"turns":5.0},{"damage":8.0,"enemies":"2 Fungi Beasts","floor":7.0,"turns":5.0},{"damage":46.0,"enemies":"Lagavulin","floor":10.0,"turns":8.0},{"damage":3.0,"enemies":"Looter","floor":11.0,"turns":3.0},{"damage":13.0,"enemies":"Exordium Thugs","floor":13.0,"turns":6.0},{"damage":0.0,"enemies":"Lots of Slimes","floor":14.0,"turns":2.0},{"damage":36.0,"enemies":"Slime Boss","floor":16.0,"turns":12.0},{"damage":9.0,"enemies":"Shell Parasite","floor":18.0,"turns":4.0},{"damage":1.0,"enemies":"Spheric Guardian","floor":19.0,"turns":4.0},{"damage":13.0,"enemies":"Chosen and Byrds","floor":21.0,"turns":6.0},{"damage":16.0,"enemies":"Shelled Parasite and Fungi","floor":22.0,"turns":7.0},{"damage":52.0,"enemies":"Book of Stabbing","floor":24.0,"turns":6.0},{"damage":2.0,"enemies":"Snake Plant","floor":27.0,"turns":4.0},{"damage":16.0,"enemies":"Gremlin Leader","floor":29.0,"turns":5.0},{"damage":11.0,"enemies":"3 Cultists","floor":30.0,"turns":6.0},{"damage":6.0,"enemies":"Chosen and Byrds","floor":31.0,"turns":5.0},{"damage":27.0,"enemies":"Collector","floor":33.0,"turns":8.0},{"damage":2.0,"enemies":"3 Shapes","floor":35.0,"turns":5.0},{"damage":24.0,"enemies":"3 Darklings","floor":39.0,"turns":5.0},{"damage":0.0,"enemies":"Reptomancer","floor":40.0,"turns":5.0},{"damage":17.0,"enemies":"Giant Head","floor":44.0,"turns":7.0},{"damage":0.0,"enemies":"Mind Bloom Boss Battle","floor":45.0,"turns":6.0},{"damage":16.0,"enemies":"Reptomancer","floor":46.0,"turns":6.0},{"damage":7.0,"enemies":"Jaw Worm Horde","floor":47.0,"turns":4.0},{"damage":0.0,"enemies":"2 Orb Walkers","floor":48.0,"turns":4.0},{"damage":61.0,"enemies":"Awakened One","floor":50.0,"turns":11.0},{"damage":24,"enemies":"Shield and Spear","floor":54,"turns":5},{"damage":124,"enemies":"The Heart","floor":55,"turns":9}],"seed_played":"7131702825475401071","potions_obtained":[{"floor":1.0,"key":"Block Potion"},{"floor":4.0,"key":"Regen Potion"},{"floor":11.0,"key":"Strength Potion"},{"floor":13.0,"key":"Strength Potion"},{"floor":16.0,"key":"Block Potion"},{"floor":24.0,"key":"LiquidBronze"},{"floor":27.0,"key":"Block Potion"},{"floor":29.0,"key":"Block Potion"},{"floor":31.0,"key":"SkillPotion"},{"floor":35.0,"key":"SkillPotion"},{"floor":46.0,"key":"EssenceOfSteel"},{"floor":47.0,"key":"AttackPotion"}],"is_trial":false,"path_per_floor":["M","M","M","M","M","E","M","R","T","E","M","?","M","M","R","B",null,"M","M","$","M","M","M","R","E","R","T","M","?","E","M","M","M","R","B",null,"M","$","?","$","M","E","R","?","T","E","?","E","M","?","R","B",null,"R","$","E","B",null],"character_chosen":"IRONCLAD","items_purchased":["Impervious","Shrug It Off","Bludgeon","Lee\u0027s Waffle","Evolve"],"campfire_rested":5,"item_purchase_floors":[20,20,36,53,53],"current_hp_per_floor":[74,75,72,71,74,37,35,57,57,27,30,30,23,29,54,24,70,67,72,72,65,55,55,9,34,34,38,38,28,23,23,48,27,71,75,75,75,75,57,63,85,74,74,63,85,77,89,91,91,46,80,80,98,100,13],"gold":65,"neow_bonus":"RANDOM_COLORLESS_2","is_prod":false,"is_daily":false,"chose_seed":false,"campfire_upgraded":0,"win_rate":0,"timestamp":1543345476,"path_taken":["M","?","M","M","M","E","M","R","T","E","M","?","M","M","R","BOSS","M","?","$","M","M","R","E","R","T","M","?","E","M","M","R","BOSS","M","?","?","$","M","E","R","?","T","E","?","E","M","?","R","BOSS","R","$","E","BOSS"],"build_version":"2018-11-15","purchased_purges":2,"victory":true,"max_hp_per_floor":[75,75,75,75,75,75,75,75,75,85,85,85,85,85,85,85,85,85,85,85,85,85,85,85,85,85,85,85,85,85,85,85,85,85,85,85,85,85,85,85,85,85,85,85,85,87,89,91,91,91,91,91,98,100,100],"card_choices":[{"not_picked":["Anger","Twin Strike"],"picked":"Armaments","floor":1.0},{"not_picked":["Sentinel","Heavy Blade"],"picked":"Pommel Strike","floor":2.0},{"not_picked":["Whirlwind","Warcry"],"picked":"Clothesline","floor":3.0},{"not_picked":["Berserk","Heavy Blade"],"picked":"Ghostly Armor","floor":4.0},{"not_picked":["Anger","True Grit"],"picked":"Uppercut","floor":5.0},{"not_picked":["Hemokinesis","Rupture","Havoc"],"picked":"SKIP","floor":6.0},{"not_picked":["Clothesline","Body Slam","Wild Strike"],"picked":"SKIP","floor":7.0},{"not_picked":["Rupture","Uppercut","Anger"],"picked":"SKIP","floor":10.0},{"not_picked":["Clothesline","Heavy Blade"],"picked":"Whirlwind","floor":11.0},{"not_picked":["Havoc","Bloodletting"],"picked":"Feel No Pain","floor":13.0},{"not_picked":["Iron Wave","Body Slam"],"picked":"True Grit","floor":14.0},{"not_picked":["Feed","Brutality"],"picked":"Demon Form","floor":16.0},{"not_picked":["Seeing Red","Clash","Evolve"],"picked":"SKIP","floor":18.0},{"not_picked":["Body Slam","Dropkick","Clothesline"],"picked":"SKIP","floor":19.0},{"not_picked":["Second Wind","Armaments"],"picked":"Clothesline+1","floor":21.0},{"not_picked":["Twin Strike","Dual Wield","Warcry"],"picked":"SKIP","floor":22.0},{"not_picked":["Rupture","Flex"],"picked":"Dark Embrace","floor":24.0},{"not_picked":["Iron Wave","Cleave"],"picked":"Shrug It Off","floor":27.0},{"not_picked":["Brutality","Warcry"],"picked":"Entrench","floor":29.0},{"not_picked":["Feel No Pain","True Grit","Rage+1"],"picked":"SKIP","floor":30.0},{"not_picked":["Cleave","Armaments"],"picked":"Perfected Strike","floor":31.0},{"not_picked":["Limit Break","Exhume"],"picked":"Demon Form","floor":33.0},{"not_picked":["Sever Soul","Clothesline"],"picked":"Shrug It Off","floor":35.0},{"not_picked":["Thunderclap","Reckless Charge+1"],"picked":"Shrug It Off+1","floor":39.0},{"not_picked":["Feed","Burning Pact+1"],"picked":"Heavy Blade+1","floor":40.0},{"not_picked":["Twin Strike+1","Sentinel"],"picked":"Reaper","floor":44.0},{"not_picked":["Iron Wave","True Grit"],"picked":"Heavy Blade","floor":45.0},{"not_picked":["Clothesline","Rage+1","Iron Wave+1"],"picked":"Singing Bowl","floor":46.0},{"not_picked":["Feel No Pain+1","True Grit","Clash"],"picked":"Singing Bowl","floor":47.0},{"not_picked":["Warcry","Cleave","Thunderclap"],"picked":"Singing Bowl","floor":48.0},{"not_picked":["Armaments","Clothesline","Feel No Pain"],"picked":"Singing Bowl","floor":54}],"player_experience":794458,"relics_obtained":[{"floor":6.0,"key":"Happy Flower"},{"floor":10.0,"key":"Pear"},{"floor":24.0,"key":"War Paint"},{"floor":26.0,"key":"Kunai"},{"floor":29.0,"key":"Letter Opener"},{"floor":40.0,"key":"StoneCalendar"},{"floor":43.0,"key":"Singing Bowl"},{"floor":44.0,"key":"Ginger"},{"floor":45.0,"key":"Shovel"},{"floor":46.0,"key":"Pen Nib"},{"floor":48.0,"key":"Nunchaku"},{"floor":49.0,"key":"Anchor"},{"floor":52.0,"key":"Bottled Tornado"},{"floor":54,"key":"Matryoshka"}],"event_choices":[{"cards_removed":["Strike_R"],"damage_healed":0.0,"max_hp_gain":0.0,"max_hp_loss":0.0,"gold_gain":0.0,"event_name":"Purifier","player_choice":"Purged","floor":12.0,"gold_loss":0.0,"damage_taken":0.0},{"damage_healed":0.0,"max_hp_gain":0.0,"max_hp_loss":0.0,"gold_gain":0.0,"event_name":"Upgrade Shrine","player_choice":"Upgraded","floor":28.0,"gold_loss":0.0,"damage_taken":0.0,"cards_upgraded":["Armaments"]},{"damage_healed":0.0,"max_hp_gain":0.0,"max_hp_loss":0.0,"gold_gain":0.0,"event_name":"Tomb of Lord Red Mask","player_choice":"Paid","floor":37.0,"gold_loss":2.0,"damage_taken":0.0,"relics_obtained":["Red Mask"]},{"damage_healed":0.0,"max_hp_gain":0.0,"max_hp_loss":0.0,"gold_gain":0.0,"event_name":"Winding Halls","player_choice":"Embrace Madness","floor":42.0,"gold_loss":0.0,"damage_taken":11.0,"cards_obtained":["Madness","Madness"]},{"damage_healed":0.0,"max_hp_gain":0.0,"max_hp_loss":0.0,"gold_gain":0.0,"event_name":"MindBloom","player_choice":"Fight","floor":45.0,"gold_loss":0.0,"damage_taken":0.0},{"damage_healed":0.0,"max_hp_gain":0.0,"max_hp_loss":0.0,"gold_gain":0.0,"event_name":"Mysterious Sphere","player_choice":"Fight","floor":48.0,"gold_loss":0.0,"damage_taken":0.0}],"is_beta":false,"boss_relics":[{"not_picked":["Orrery","Black Blood"],"picked":"Snecko Eye"},{"not_picked":["Velvet Choker","Pandora\u0027s Box"],"picked":"Fusion Hammer"}],"items_purged_floors":[20,36],"is_endless":false,"potions_floor_spawned":[1,4,11,13,16,18,24,27,29,31,35,46,47],"ascension_level":14}