{"gold_per_floor":[118,135,152,164,176,210,210,210,265,265,190,29,29,60,60,139,139,155,155,155,172,172,172,188,213,238,256,269,299,317,317,317,388,388,401,401,418,91,109,123,123,139,139,168,168,183,183,7,7,7],"floor_reached":51,"playtime":7208,"items_purged":["Strike_B","Dualcast","Parasite"],"score":1320,"play_id":"c1079b36-25e6-468a-bb15-6397ba3b60a8","local_time":"20190117224537","is_ascension_mode":true,"campfire_choices":[{"data":"Zap","floor":8.0,"key":"SMITH"},{"data":"Redo","floor":10.0,"key":"SMITH"},{"data":"Barrage","floor":13.0,"key":"SMITH"},{"data":"Echo Form","floor":15.0,"key":"SMITH"},{"data":"Seek","floor":23.0,"key":"SMITH"},{"data":"Leap","floor":32.0,"key":"SMITH"},{"floor":41.0,"key":"REST"},{"floor":49,"key":"REST"}],"neow_cost":"NONE","seed_source_timestamp":197178662075358,"circlet_count":0,"master_deck":["AscendersBane","Strike_B+1","Strike_B+1","Strike_B+1","Defend_B+1","Defend_B+1","Defend_B+1","Zap+1","Redo+1","Sunder+1","Auto Shields","Glacier","Compile Driver","Undo","Loop","Barrage+1","Echo Form+1","Seek+1","Chill","Leap+1","Leap+1","Go for the Eyes","Machine Learning","Madness","Madness","Storm","Discovery","Bandage Up"],"special_seed":0,"relics":["Cracked Core","Bag of Preparation","Bronze Scales","Pantograph","Busted Crown","DataDisk","PreservedInsect","Regal Pillow","Fusion Hammer","Pen Nib","Ornamental Fan","Happy Flower"],"potions_floor_usage":[50,50],"damage_taken":[{"damage":1.0,"enemies":"Cultist","floor":1.0,"turns":3.0},{"damage":0.0,"enemies":"2 Louse","floor":2.0,"turns":1.0},{"damage":4.0,"enemies":"Jaw Worm","floor":3.0,"turns":4.0},{"damage":5.0,"enemies":"3 Louse","floor":4.0,"turns":3.0},{"damage":2.0,"enemies":"Looter","floor":5.0,"turns":4.0},{"damage":19.0,"enemies":"3 Sentries","floor":6.0,"turns":9.0},{"damage":18.0,"enemies":"Gremlin Nob","floor":14.0,"turns":3.0},{"damage":8.0,"enemies":"Slime Boss","floor":16.0,"turns":8.0},{"damage":0.0,"enemies":"2 Thieves","floor":18.0,"turns":3.0},{"damage":11.0,"enemies":"Colosseum Slavers","floor":19.0,"turns":4.0},{"damage":3.0,"enemies":"Spheric Guardian","floor":21.0,"turns":4.0},{"damage":6.0,"enemies":"Cultist and Chosen","floor":24.0,"turns":6.0},{"damage":20.0,"enemies":"Slavers","floor":25.0,"turns":6.0},{"damage":0.0,"enemies":"Snecko","floor":27.0,"turns":4.0},{"damage":0.0,"enemies":"Centurion and Healer","floor":28.0,"turns":6.0},{"damage":0.0,"enemies":"Gremlin Leader","floor":29.0,"turns":6.0},{"damage":3.0,"enemies":"Snake Plant","floor":30.0,"turns":4.0},{"damage":0.0,"enemies":"Collector","floor":33.0,"turns":11.0},{"damage":0.0,"enemies":"Orb Walker","floor":35.0,"turns":4.0},{"damage":18.0,"enemies":"3 Darklings","floor":37.0,"turns":5.0},{"damage":0.0,"enemies":"Sphere and 2 Shapes","floor":39.0,"turns":5.0},{"damage":0.0,"enemies":"Jaw Worm Horde","floor":40.0,"turns":4.0},{"damage":0.0,"enemies":"Maw","floor":42.0,"turns":6.0},{"damage":2.0,"enemies":"Reptomancer","floor":44.0,"turns":7.0},{"damage":0,"enemies":"Writhing Mass","floor":46,"turns":6},{"damage":28,"enemies":"Time Eater","floor":50,"turns":11}],"seed_played":"9071752940588011736","potions_obtained":[{"floor":2.0,"key":"Swift Potion"},{"floor":4.0,"key":"Regen Potion"},{"floor":24.0,"key":"Swift Potion"},{"floor":33.0,"key":"Fire Potion"},{"floor":37.0,"key":"PowerPotion"}],"is_trial":false,"path_per_floor":["M","M","M","M","M","E","?","R","T","R","?","$","R","E","R","B",null,"M","?","?","M","?","R","M","E","T","M","M","E","M","?","R","B",null,"M","?","M","$","M","M","R","M","T","E","?","M","?","$","R","B",null],"character_chosen":"DEFECT","items_purchased":["Loop","Barrage","Storm","Pen Nib","AttackPotion"],"campfire_rested":2,"item_purchase_floors":[12,12,38,38,48],"current_hp_per_floor":[70,70,66,61,59,40,40,40,40,40,40,40,40,31,31,48,71,71,60,60,57,57,57,51,31,31,31,31,31,28,78,78,78,78,78,64,46,46,46,46,78,78,78,76,66,70,70,70,75,47],"gold":7,"neow_bonus":"TEN_PERCENT_HP_BONUS","is_prod":false,"is_daily":false,"chose_seed":false,"campfire_upgraded":6,"win_rate":0,"timestamp":1547783137,"path_taken":["M","M","M","M","M","E","?","R","T","R","?","?","R","E","R","BOSS","M","?","?","M","?","R","M","E","T","M","M","E","M","?","R","BOSS","M","?","M","$","M","M","R","M","T","E","?","M","?","$","R","BOSS"],"build_version":"2019-01-10","purchased_purges":3,"victory":true,"max_hp_per_floor":[78,78,78,78,78,78,78,78,78,78,78,78,78,78,78,78,78,78,78,78,78,78,78,78,78,78,78,78,78,78,78,78,78,78,78,78,78,78,78,78,78,78,78,78,78,78,78,75,75,75],"card_choices":[{"not_picked":["Rebound","Heatsinks"],"picked":"Redo","floor":1.0},{"not_picked":["Reinforced Body","Compile Driver"],"picked":"Sunder","floor":2.0},{"not_picked":["Gash","Streamline"],"picked":"Auto Shields","floor":3.0},{"not_picked":["Beam Cell","Streamline"],"picked":"Glacier","floor":4.0},{"not_picked":["Streamline","Storm"],"picked":"Compile Driver","floor":5.0},{"not_picked":["Darkness","Heatsinks"],"picked":"Undo","floor":6.0},{"not_picked":["Cold Snap","Go for the Eyes"],"picked":"Echo Form","floor":14.0},{"not_picked":["Biased Cognition","Rainbow"],"picked":"Seek","floor":16.0},{"not_picked":[],"picked":"Chill","floor":18.0},{"not_picked":[],"picked":"Heatsinks","floor":21.0},{"not_picked":[],"picked":"Leap","floor":24.0},{"not_picked":["Coolheaded"],"picked":"SKIP","floor":25.0},{"not_picked":[],"picked":"Leap+1","floor":27.0},{"not_picked":[],"picked":"Go for the Eyes","floor":28.0},{"not_picked":["Genetic Algorithm"],"picked":"SKIP","floor":29.0},{"not_picked":["Barrage"],"picked":"SKIP","floor":30.0},{"not_picked":[],"picked":"Machine Learning","floor":33.0},{"not_picked":["Steam Power"],"picked":"SKIP","floor":35.0},{"not_picked":["Sweeping Beam"],"picked":"SKIP","floor":37.0},{"not_picked":["Coolheaded"],"picked":"SKIP","floor":39.0},{"not_picked":["Auto Shields+1"],"picked":"SKIP","floor":40.0},{"not_picked":["Stack"],"picked":"SKIP","floor":42.0},{"not_picked":["Steam Power"],"picked":"SKIP","floor":44.0},{"not_picked":[],"picked":"Discovery","floor":45.0},{"not_picked":[],"picked":"Bandage Up","floor":45.0},{"not_picked":["Barrage"],"picked":"SKIP","floor":46}],"player_experience":881722,"relics_obtained":[{"floor":6.0,"key":"Bag of Preparation"},{"floor":9.0,"key":"Bronze Scales"},{"floor":14.0,"key":"Pantograph"},{"floor":25.0,"key":"DataDisk"},{"floor":26.0,"key":"PreservedInsect"},{"floor":29.0,"key":"Regal Pillow"},{"floor":43.0,"key":"Ornamental Fan"},{"floor":44.0,"key":"Happy Flower"}],"event_choices":[{"damage_healed":0.0,"max_hp_gain":0.0,"max_hp_loss":0.0,"gold_gain":0.0,"event_name":"Living Wall","player_choice":"Grow","floor":7.0,"gold_loss":0.0,"damage_taken":0.0,"cards_upgraded":["Sunder"]},{"cards_removed":["Defend_B"],"damage_healed":0.0,"max_hp_gain":0.0,"max_hp_loss":0.0,"gold_gain":0.0,"event_name":"The Cleric","player_choice":"Card Removal","floor":11.0,"gold_loss":75.0,"damage_taken":0.0},{"damage_healed":0.0,"max_hp_gain":0.0,"max_hp_loss":0.0,"gold_gain":0.0,"event_name":"Colosseum","player_choice":"Fight","floor":19.0,"gold_loss":0.0,"damage_taken":0.0},{"damage_healed":0.0,"max_hp_gain":0.0,"max_hp_loss":0.0,"gold_gain":0.0,"event_name":"Colosseum","player_choice":"Fled From Nobs","floor":19.0,"gold_loss":0.0,"damage_taken":0.0},{"damage_healed":0.0,"max_hp_gain":0.0,"max_hp_loss":0.0,"gold_gain":0.0,"event_name":"Ghosts","player_choice":"Ignored","floor":20.0,"gold_loss":0.0,"damage_taken":0.0},{"damage_healed":0.0,"max_hp_gain":0.0,"max_hp_loss":0.0,"gold_gain":0.0,"event_name":"Back to Basics","player_choice":"Simplicity","floor":22.0,"gold_loss":0.0,"damage_taken":0.0,"cards_upgraded":["Strike_B","Strike_B","Strike_B","Defend_B","Defend_B","Defend_B"]},{"cards_removed":["Heatsinks"],"damage_healed":50.0,"max_hp_gain":0.0,"max_hp_loss":0.0,"gold_gain":0.0,"event_name":"Bonfire Elementals","player_choice":"Offered Uncommon","floor":31.0,"gold_loss":0.0,"damage_taken":0.0},{"damage_healed":0.0,"max_hp_gain":0.0,"max_hp_loss":0.0,"gold_gain":0.0,"event_name":"Winding Halls","player_choice":"Embrace Madness","floor":36.0,"gold_loss":0.0,"damage_taken":14.0,"cards_obtained":["Madness","Madness"]},{"damage_healed":0.0,"max_hp_gain":0.0,"max_hp_loss":0.0,"gold_gain":0.0,"event_name":"SensoryStone","player_choice":"Memory 3","floor":45.0,"gold_loss":0.0,"damage_taken":10.0},{"damage_healed":0,"gold_gain":0,"player_choice":"Ignored","damage_taken":0,"max_hp_gain":0,"max_hp_loss":0,"event_name":"Tomb of Lord Red Mask","floor":47,"gold_loss":0}],"is_beta":false,"boss_relics":[{"not_picked":["Empty Cage","Orrery"],"picked":"Busted Crown"},{"not_picked":["Tiny House","Coffee Dripper"],"picked":"Fusion Hammer"}],"items_purged_floors":[12,38,48],"is_endless":false,"potions_floor_spawned":[2,4,5,6,24,25,28,33,37,40],"ascension_level":15}