{"gold_per_floor":[118,71,71,21,39,39,52,63,63,63,13,13,28,28,28,154,154,172,210,59,59],"floor_reached":21,"playtime":3111,"items_purged":["Strike_R"],"score":167,"play_id":"3b24db21-3189-482f-ba69-63f3869838a5","local_time":"20190106023642","is_ascension_mode":false,"campfire_choices":[{"data":"Pommel Strike","floor":6,"key":"SMITH"},{"data":"Shrug It Off","floor":12,"key":"SMITH"},{"data":"Shrug It Off","floor":15,"key":"SMITH"}],"neow_cost":"NONE","seed_source_timestamp":433367935255283,"circlet_count":0,"master_deck":["Strike_R","Defend_R","Defend_R","Defend_R","Battle Trance","Pommel Strike+1","Shrug It Off+1","Cleave","Flex","Shrug It Off+1","Offering","Whirlwind"],"relics":["Burning Blood","Oddly Smooth Stone","Golden Idol","Empty Cage","Red Mask"],"potions_floor_usage":[],"damage_taken":[{"damage":12,"enemies":"Jaw Worm","floor":1,"turns":5},{"damage":0,"enemies":"Cultist","floor":5,"turns":4},{"damage":0,"enemies":"Small Slimes","floor":7,"turns":3},{"damage":3,"enemies":"3 Louse","floor":8,"turns":2},{"damage":0,"enemies":"Looter","floor":13,"turns":3},{"damage":28,"enemies":"The Guardian","floor":16,"turns":15},{"damage":8,"enemies":"Spheric Guardian","floor":18,"turns":8},{"damage":51,"enemies":"Masked Bandits","floor":19,"turns":8},{"damage":10,"enemies":"Colosseum Slavers","floor":21,"turns":7},{"damage":36,"enemies":"Colosseum Nobs","floor":21,"turns":3}],"seed_played":"-2126896797790428573","potions_obtained":[{"floor":1,"key":"Swift Potion"},{"floor":7,"key":"GamblersBrew"},{"floor":13,"key":"GamblersBrew"}],"is_trial":false,"path_per_floor":["M","$","?","$","M","R","M","M","T","?","?","R","M","$","R","B",null,"M","?","$","?"],"character_chosen":"IRONCLAD","items_purchased":["Pommel Strike","Shrug It Off","Whirlwind"],"campfire_rested":0,"item_purchase_floors":[2,4,20],"current_hp_per_floor":[74,74,74,74,80,80,80,80,80,60,60,60,66,66,66,44,80,78,33,33,0],"gold":59,"neow_bonus":"REMOVE_CARD","is_prod":false,"is_daily":false,"chose_seed":false,"campfire_upgraded":3,"win_rate":0.0,"timestamp":1546738602,"path_taken":["M","$","?","?","?","R","M","M","T","?","?","R","M","$","R","BOSS","M","?","$","?"],"build_version":"2019-01-03v4","purchased_purges":1,"victory":false,"max_hp_per_floor":[80,80,80,80,80,80,80,80,80,80,80,80,80,80,80,80,80,80,80,80,80],"card_choices":[{"not_picked":["Carnage","Pummel"],"picked":"Battle Trance","floor":1},{"not_picked":["Shockwave","Heavy Blade"],"picked":"Cleave","floor":5},{"not_picked":["Spot Weakness","Body Slam"],"picked":"Flex","floor":7},{"not_picked":["Second Wind","Hemokinesis","Clothesline"],"picked":"SKIP","floor":8},{"not_picked":["Iron Wave","True Grit"],"picked":"Shrug It Off","floor":13},{"not_picked":["Bludgeon","Fiend Fire"],"picked":"Offering","floor":16},{"not_picked":["Cleave+1","Flex","Clothesline"],"picked":"SKIP","floor":18}],"player_experience":168479,"relics_obtained":[{"floor":9,"key":"Oddly Smooth Stone"},{"floor":19,"key":"Red Mask"}],"event_choices":[{"cards_removed":["Strike_R"],"damage_healed":0,"gold_gain":0,"player_choice":"Offered Basic","damage_taken":0,"max_hp_gain":0,"max_hp_loss":0,"event_name":"Bonfire Elementals","floor":3,"gold_loss":0},{"damage_healed":0,"gold_gain":0,"player_choice":"Take Damage","damage_taken":20,"relics_obtained":["Golden Idol"],"max_hp_gain":0,"max_hp_loss":0,"event_name":"Golden Idol","floor":10,"gold_loss":0},{"cards_removed":["Strike_R"],"damage_healed":0,"gold_gain":0,"player_choice":"Card Removal","damage_taken":0,"max_hp_gain":0,"max_hp_loss":0,"event_name":"The Cleric","floor":11,"gold_loss":50},{"damage_healed":0,"gold_gain":0,"player_choice":"Fought Bandits","damage_taken":0,"max_hp_gain":0,"max_hp_loss":0,"event_name":"Masked Bandits","floor":19,"gold_loss":0},{"damage_healed":0,"gold_gain":0,"player_choice":"Fight","damage_taken":0,"max_hp_gain":0,"max_hp_loss":0,"event_name":"Colosseum","floor":21,"gold_loss":0},{"damage_healed":0,"gold_gain":0,"player_choice":"Fought Nobs","damage_taken":0,"max_hp_gain":0,"max_hp_loss":0,"event_name":"Colosseum","floor":21,"gold_loss":0}],"is_beta":false,"boss_relics":[{"not_picked":["Cursed Key","Orrery"],"picked":"Empty Cage"}],"items_purged_floors":[20],"is_endless":false,"potions_floor_spawned":[1,7,13,21],"killed_by":"Colosseum Nobs","ascension_level":0}