{"gold_per_floor":[218,102,116,216,235,235,247,272,272,303,319,319,338,348,348,348],"floor_reached":16,"playtime":1234,"items_purged":["Strike_R"],"score":114,"play_id":"136d49ad-c6b6-4eca-99d1-4a4249c0b40d","local_time":"20190107155120","is_ascension_mode":false,"campfire_choices":[{"data":"Bash","floor":6,"key":"SMITH"},{"data":"Rampage","floor":12,"key":"SMITH"},{"data":"Inflame","floor":15,"key":"SMITH"}],"neow_cost":"NONE","seed_source_timestamp":569327092506301,"circlet_count":0,"master_deck":["Strike_R","Strike_R","Strike_R","Strike_R","Defend_R","Defend_R","Defend_R","Defend_R","Bash+1","Cleave","Rampage+1","Body Slam","Shrug It Off","Inflame+1"],"relics":["Burning Blood","Strawberry","Juzu Bracelet","The Courier"],"potions_floor_usage":[14,16],"damage_taken":[{"damage":1,"enemies":"Cultist","floor":1,"turns":3},{"damage":5,"enemies":"Small Slimes","floor":3,"turns":3},{"damage":3,"enemies":"Jaw Worm","floor":5,"turns":3},{"damage":10,"enemies":"Looter","floor":7,"turns":3},{"damage":23,"enemies":"Gremlin Nob","floor":8,"turns":4},{"damage":39,"enemies":"Lagavulin","floor":10,"turns":6},{"damage":8,"enemies":"Lots of Slimes","floor":11,"turns":5},{"damage":16,"enemies":"Exordium Wildlife","floor":13,"turns":5},{"damage":3,"enemies":"2 Fungi Beasts","floor":14,"turns":3},{"damage":25,"enemies":"The Guardian","floor":16,"turns":8}],"seed_played":"-4420054730185589398","potions_obtained":[{"floor":1,"key":"Block Potion"},{"floor":10,"key":"Ancient Potion"},{"floor":11,"key":"Explosive Potion"},{"floor":14,"key":"FearPotion"}],"is_trial":false,"path_per_floor":["M","$","M","?","M","R","M","E","T","E","M","R","M","M","R","B"],"character_chosen":"IRONCLAD","items_purchased":["Rampage"],"campfire_rested":0,"item_purchase_floors":[2],"current_hp_per_floor":[80,80,80,80,80,80,76,66,66,33,31,31,21,24,24,0],"gold":348,"neow_bonus":"HUNDRED_GOLD","is_prod":false,"is_daily":false,"chose_seed":false,"campfire_upgraded":3,"win_rate":0.0,"timestamp":1546872680,"path_taken":["M","$","?","?","M","R","M","E","T","E","M","R","M","M","R","BOSS"],"build_version":"2019-01-03v4","purchased_purges":1,"victory":false,"max_hp_per_floor":[80,80,80,80,80,80,80,87,87,87,87,87,87,87,87,87],"card_choices":[{"not_picked":["Ghostly Armor","Armaments"],"picked":"Cleave","floor":1},{"not_picked":["Burning Pact","Pummel"],"picked":"Body Slam","floor":3},{"not_picked":["Cleave","Infernal Blade","Sword Boomerang"],"picked":"SKIP","floor":5},{"not_picked":["Body Slam","Anger","Ghostly Armor"],"picked":"SKIP","floor":7},{"not_picked":["Power Through","Hemokinesis","Intimidate"],"picked":"SKIP","floor":8},{"not_picked":["Feel No Pain","Combust"],"picked":"Shrug It Off","floor":10},{"not_picked":["Body Slam","Clash","Heavy Blade"],"picked":"SKIP","floor":11},{"not_picked":["Armaments","Heavy Blade","Corruption"],"picked":"SKIP","floor":13},{"not_picked":["Battle Trance","Burning Pact"],"picked":"Inflame","floor":14}],"player_experience":199644,"relics_obtained":[{"floor":8,"key":"Strawberry"},{"floor":9,"key":"Juzu Bracelet"},{"floor":10,"key":"The Courier"}],"event_choices":[{"damage_healed":0,"gold_gain":100,"player_choice":"Pray","damage_taken":0,"max_hp_gain":0,"max_hp_loss":0,"event_name":"Golden Shrine","floor":4,"gold_loss":0}],"is_beta":false,"boss_relics":[],"items_purged_floors":[2],"is_endless":false,"potions_floor_spawned":[1,10,11,13,14],"killed_by":"The Guardian","ascension_level":0}