{"gold_per_floor":[114,114,129,141,141,141,169,181,181,181],"floor_reached":10,"playtime":306,"items_purged":[],"score":122,"play_id":"4df74d4b-29a3-4260-8748-978028fd34e7","local_time":"20190212235139","is_ascension_mode":true,"campfire_choices":[{"data":"Armaments","floor":6,"key":"SMITH"}],"neow_cost":"PERCENT_DAMAGE","seed_source_timestamp":24925425508000,"circlet_count":0,"master_deck":["AscendersBane","Strike_R","Strike_R","Strike_R","Defend_R","Defend_R","Defend_R","Defend_R","Bash","Armaments+1","Battle Trance","Sword Boomerang","Headbutt","Inflame"],"relics":["Burning Blood","Prayer Wheel","Smiling Mask","Gremlin Horn"],"potions_floor_usage":[8],"damage_taken":[{"damage":6,"enemies":"2 Louse","floor":1,"turns":4},{"damage":0,"enemies":"Cultist","floor":3,"turns":4},{"damage":3,"enemies":"Jaw Worm","floor":4,"turns":4},{"damage":40,"enemies":"Lagavulin","floor":7,"turns":8},{"damage":24,"enemies":"Lots of Slimes","floor":8,"turns":6},{"damage":10,"enemies":"3 Sentries","floor":10,"turns":2}],"seed_played":"5599320199810676005","potions_obtained":[{"floor":7,"key":"BloodPotion"}],"is_trial":false,"path_per_floor":["M","?","M","M","?","R","E","M","T","E"],"character_chosen":"IRONCLAD","items_purchased":[],"campfire_rested":0,"item_purchase_floors":[],"current_hp_per_floor":[50,50,56,59,52,52,18,7,7,0],"gold":181,"neow_bonus":"ONE_RARE_RELIC","is_prod":false,"is_daily":false,"chose_seed":false,"campfire_upgraded":1,"win_rate":0,"timestamp":1550008299,"path_taken":["M","?","?","M","?","R","E","M","T","E"],"build_version":"2019-01-23","purchased_purges":0,"victory":false,"max_hp_per_floor":[75,75,75,75,75,75,75,75,75,75],"card_choices":[{"not_picked":["Pommel Strike","Clash"],"picked":"Armaments","floor":1},{"not_picked":["Shrug It Off","Perfected Strike","Warcry"],"picked":"SKIP","floor":1},{"not_picked":["Body Slam","Iron Wave"],"picked":"Battle Trance","floor":3},{"not_picked":["Bloodletting","True Grit"],"picked":"Sword Boomerang","floor":3},{"not_picked":["Body Slam","Twin Strike"],"picked":"Headbutt","floor":4},{"not_picked":["True Grit","Blood for Blood","Heavy Blade"],"picked":"SKIP","floor":4},{"not_picked":["Flex","Anger","Thunderclap"],"picked":"SKIP","floor":7},{"not_picked":["Reaper","Evolve"],"picked":"Inflame","floor":8},{"not_picked":["Anger","Body Slam","Warcry"],"picked":"SKIP","floor":8}],"player_experience":722945,"relics_obtained":[{"floor":7,"key":"Smiling Mask"},{"floor":9,"key":"Gremlin Horn"}],"event_choices":[{"cards_removed":["Strike_R"],"damage_healed":0,"gold_gain":0,"player_choice":"Purged","damage_taken":0,"max_hp_gain":0,"max_hp_loss":0,"event_name":"Purifier","floor":2,"gold_loss":0},{"cards_removed":["Strike_R"],"damage_healed":0,"gold_gain":0,"player_choice":"Card Removal","damage_taken":7,"max_hp_gain":0,"max_hp_loss":0,"event_name":"Golden Wing","floor":5,"gold_loss":0}],"is_beta":false,"boss_relics":[],"items_purged_floors":[],"is_endless":false,"potions_floor_spawned":[7],"killed_by":"3 Sentries","ascension_level":16}