{"gold_per_floor":[19,38,53,53,14,43,60,75,126,126,142,242,242,277,277,373,373,384,384,9,19,35,35,67,67,67,67,99,99,111,129,129,230,230,246,100,113,125,141,141,171,171,197,197,197,197,49,69,69,69],"floor_reached":51,"playtime":3761,"items_purged":["Defend_R","Flex","Fiend Fire"],"score":682,"play_id":"5e0dbd53-2188-4426-9feb-2fd3c5ed58d7","local_time":"20181230030551","is_ascension_mode":false,"campfire_choices":[{"floor":10.0,"key":"DIG"},{"floor":13.0,"key":"REST"},{"data":"Whirlwind","floor":15.0,"key":"SMITH"},{"floor":23.0,"key":"DIG"},{"floor":25.0,"key":"REST"},{"floor":29,"key":"DIG"},{"floor":32,"key":"DIG"},{"floor":40,"key":"REST"},{"floor":42,"key":"REST"},{"floor":44,"key":"DIG"},{"floor":46,"key":"DIG"},{"floor":49,"key":"REST"}],"neow_cost":"NO_GOLD","seed_source_timestamp":0,"circlet_count":0,"master_deck":["Strike_R","Strike_R+1","Strike_R","Strike_R","Strike_R","Defend_R","Defend_R","Defend_R+1","Bash+1","Spot Weakness","Flame Barrier+1","Whirlwind+1","Offering","Heavy Blade+1","Intimidate+1","Demon Form","Rage+1","Double Tap+1","Heavy Blade+1","Flex+1","Clothesline+1","Inflame+1","Rampage+1","Flex+1","Warcry+1"],"special_seed":0,"relics":["Burning Blood","Shovel","Letter Opener","Matryoshka","Juzu Bracelet","Lantern","Pocketwatch","Question Card","Fusion Hammer","Nilry\u0027s Codex","Potion Belt","War Paint","Darkstone Periapt","Strawberry","Toxic Egg 2","Red Mask","Nunchaku","Bronze Scales","Empty Cage","Vajra","Ancient Tea Set","Dream Catcher","Whetstone"],"potions_floor_usage":[31,33,33,33,38,41,50],"damage_taken":[{"damage":1.0,"enemies":"Cultist","floor":1.0,"turns":4.0},{"damage":9.0,"enemies":"2 Louse","floor":2.0,"turns":2.0},{"damage":6.0,"enemies":"Jaw Worm","floor":3.0,"turns":5.0},{"damage":26.0,"enemies":"Gremlin Nob","floor":6.0,"turns":4.0},{"damage":10.0,"enemies":"2 Fungi Beasts","floor":7.0,"turns":4.0},{"damage":17.0,"enemies":"Large Slime","floor":8.0,"turns":6.0},{"damage":7.0,"enemies":"Blue Slaver","floor":11.0,"turns":3.0},{"damage":7.0,"enemies":"3 Sentries","floor":14.0,"turns":5.0},{"damage":57.0,"enemies":"Hexaghost","floor":16.0,"turns":9.0},{"damage":6.0,"enemies":"Spheric Guardian","floor":18.0,"turns":2.0},{"damage":3.0,"enemies":"Shell Parasite","floor":21.0,"turns":3.0},{"damage":0.0,"enemies":"Sentry and Sphere","floor":22.0,"turns":2.0},{"damage":41.0,"enemies":"Book of Stabbing","floor":24.0,"turns":6.0},{"damage":0.0,"enemies":"Masked Bandits","floor":28.0,"turns":2.0},{"damage":6,"enemies":"Snake Plant","floor":30,"turns":2},{"damage":15,"enemies":"Centurion and Healer","floor":31,"turns":3},{"damage":37,"enemies":"Collector","floor":33,"turns":7},{"damage":6,"enemies":"Orb Walker","floor":35,"turns":2},{"damage":11,"enemies":"3 Shapes","floor":37,"turns":4},{"damage":19,"enemies":"Transient","floor":38,"turns":5},{"damage":33,"enemies":"Sphere and 2 Shapes","floor":39,"turns":4},{"damage":61,"enemies":"Giant Head","floor":41,"turns":8},{"damage":21,"enemies":"Maw","floor":48,"turns":5},{"damage":55,"enemies":"Time Eater","floor":50,"turns":8}],"seed_played":"4029957703066533417","potions_obtained":[{"floor":1.0,"key":"Ancient Potion"},{"floor":3.0,"key":"GamblersBrew"},{"floor":8.0,"key":"SpeedPotion"},{"floor":11.0,"key":"SkillPotion"},{"floor":18.0,"key":"Ancient Potion"},{"floor":24.0,"key":"SpeedPotion"},{"floor":30,"key":"FearPotion"},{"floor":35,"key":"EssenceOfSteel"},{"floor":38,"key":"BloodPotion"},{"floor":41,"key":"EssenceOfSteel"}],"is_trial":false,"path_per_floor":["M","M","M","T","$","E","M","M","T","R","M","?","R","E","R","B",null,"M","?","$","M","M","R","E","R","T","?","?","?","R","M","M","R","B",null,"M","$","M","M","M","R","E","R","T","R","?","R","$","M","R","B",null],"character_chosen":"IRONCLAD","items_purchased":["Dropkick","Fiend Fire","Potion Belt","Flex+1","Flex+1"],"campfire_rested":5,"item_purchase_floors":[5,20,20,36,47],"current_hp_per_floor":[80,77,77,77,77,57,53,42,42,42,41,41,65,64,64,13,80,80,64,64,67,73,73,38,62,69,69,75,75,75,66,66,35,87,87,87,82,69,42,68,21,47,47,47,47,47,47,32,56,7],"gold":69,"neow_bonus":"ONE_RARE_RELIC","is_prod":false,"is_daily":false,"chose_seed":false,"campfire_upgraded":1,"win_rate":0.0,"timestamp":1546167951,"path_taken":["M","M","M","?","$","E","M","M","T","R","M","?","R","E","R","BOSS","M","?","$","M","M","R","E","R","T","?","?","R","M","M","R","BOSS","M","$","M","M","M","R","E","R","T","R","?","R","$","M","R","BOSS"],"build_version":"2018-12-20","purchased_purges":3,"victory":true,"max_hp_per_floor":[80,80,80,80,80,80,80,80,80,80,80,80,80,80,80,80,80,80,80,80,80,80,80,80,80,87,87,87,87,87,87,87,87,87,87,87,87,87,87,87,87,87,87,87,83,83,83,83,83,83],"card_choices":[{"not_picked":["Heavy Blade","Perfected Strike"],"picked":"Spot Weakness","floor":1.0},{"not_picked":["Headbutt","Hemokinesis"],"picked":"Flame Barrier","floor":2.0},{"not_picked":["Twin Strike","Warcry"],"picked":"Flex","floor":3.0},{"not_picked":["Havoc","Ghostly Armor","Clash"],"picked":"SKIP","floor":6.0},{"not_picked":["Havoc","Dropkick","Blood for Blood"],"picked":"SKIP","floor":7.0},{"not_picked":["Twin Strike","Pommel Strike"],"picked":"Rage","floor":8.0},{"not_picked":["Twin Strike","Wild Strike","Rampage"],"picked":"SKIP","floor":11.0},{"not_picked":["Bloodletting","Wild Strike"],"picked":"Whirlwind","floor":14.0},{"not_picked":["Exhume","Feed","Bludgeon"],"picked":"Offering","floor":16.0},{"not_picked":["Anger","Ghostly Armor","Sword Boomerang","Pommel Strike"],"picked":"SKIP","floor":18.0},{"not_picked":["Flex","Second Wind","Armaments","Whirlwind"],"picked":"SKIP","floor":21.0},{"not_picked":["Perfected Strike+1","Spot Weakness","Uppercut"],"picked":"Heavy Blade+1","floor":22.0},{"not_picked":["Twin Strike","Heavy Blade","Fiend Fire","Dual Wield"],"picked":"SKIP","floor":24.0},{"not_picked":["Shrug It Off+1","Battle Trance+1","Twin Strike"],"picked":"Intimidate+1","floor":28},{"not_picked":["Sever Soul+1","Inflame","Anger"],"picked":"Demon Form","floor":30},{"not_picked":["Armaments+1","Pommel Strike","Warcry+1"],"picked":"Rage+1","floor":31},{"not_picked":["Barricade","Immolate","Bludgeon"],"picked":"Double Tap+1","floor":33},{"not_picked":["Rampage","Anger","Power Through+1"],"picked":"Heavy Blade+1","floor":35},{"not_picked":["Ghostly Armor+1","Havoc+1","Shrug It Off+1"],"picked":"Clothesline+1","floor":37},{"not_picked":["Shrug It Off+1","Ghostly Armor+1","Sever Soul+1"],"picked":"Inflame+1","floor":38},{"not_picked":["Havoc+1","Headbutt+1","Flame Barrier+1","Body Slam"],"picked":"SKIP","floor":39},{"not_picked":["Cleave+1","Rage+1","Perfected Strike"],"picked":"Rampage+1","floor":41},{"not_picked":["Pommel Strike+1","Body Slam","Combust+1"],"picked":"Warcry+1","floor":48}],"player_experience":36137,"relics_obtained":[{"floor":4.0,"key":"Letter Opener"},{"floor":6.0,"key":"Matryoshka"},{"floor":9.0,"key":"Juzu Bracelet"},{"floor":9.0,"key":"Lantern"},{"floor":10.0,"key":"Pocketwatch"},{"floor":14.0,"key":"Question Card"},{"floor":19.0,"key":"Nilry\u0027s Codex"},{"floor":23.0,"key":"War Paint"},{"floor":24.0,"key":"Darkstone Periapt"},{"floor":26.0,"key":"Strawberry"},{"floor":26.0,"key":"Toxic Egg 2"},{"floor":28,"key":"Red Mask"},{"floor":29,"key":"Nunchaku"},{"floor":32,"key":"Bronze Scales"},{"floor":41,"key":"Vajra"},{"floor":43,"key":"Ancient Tea Set"},{"floor":44,"key":"Dream Catcher"},{"floor":46,"key":"Whetstone"}],"event_choices":[{"damage_healed":0.0,"max_hp_gain":0.0,"max_hp_loss":0.0,"gold_gain":100.0,"event_name":"Wheel of Change","player_choice":"Gold","floor":12.0,"gold_loss":0.0,"damage_taken":0.0},{"damage_healed":0.0,"max_hp_gain":0.0,"max_hp_loss":0.0,"gold_gain":0.0,"event_name":"Cursed Tome","player_choice":"Obtained Book","floor":19.0,"gold_loss":0.0,"damage_taken":16.0},{"damage_healed":0.0,"max_hp_gain":0.0,"max_hp_loss":0.0,"gold_gain":0.0,"event_name":"The Mausoleum","player_choice":"Ignored","floor":27.0,"gold_loss":0.0,"damage_taken":0.0},{"damage_healed":0.0,"max_hp_gain":0.0,"max_hp_loss":0.0,"gold_gain":0.0,"event_name":"Masked Bandits","player_choice":"Fought Bandits","floor":28.0,"gold_loss":0.0,"damage_taken":0.0},{"damage_healed":0,"gold_gain":0,"player_choice":"Max HP","damage_taken":0,"max_hp_gain":0,"max_hp_loss":4,"event_name":"Winding Halls","floor":45,"gold_loss":0}],"is_beta":false,"boss_relics":[{"not_picked":["White Beast Statue","Cursed Key"],"picked":"Fusion Hammer"},{"not_picked":["Black Star","Busted Crown"],"picked":"Empty Cage"}],"items_purged_floors":[20,36,47],"is_endless":false,"potions_floor_spawned":[1,3,8,11,18,24,30,35,38,41],"ascension_level":0}