{"gold_per_floor":[113,124,99,99,113,113,139,155,237,265,280,311,311,311,311,410,410,420,420,420,402,416,416],"floor_reached":23,"playtime":922,"items_purged":[],"score":339,"play_id":"4784fe0b-08ff-4b9f-8377-46b1b5a615d1","local_time":"20190109211931","is_ascension_mode":true,"campfire_choices":[{"data":"Zap","floor":6,"key":"SMITH"},{"data":"Buffer","floor":13,"key":"SMITH"},{"floor":15,"key":"REST"}],"neow_cost":"TEN_PERCENT_HP_LOSS","seed_source_timestamp":89532803464120,"circlet_count":0,"master_deck":["Strike_B","Strike_B","Strike_B","Strike_B","Defend_B","Defend_B","Defend_B","Defend_B","Zap+1","Dualcast","Buffer+1","Hologram","Sweeping Beam","Beam Cell","Cold Snap","Darkness","Conserve Battery","Electrodynamics","Doubt","Decay","Leap+1","RitualDagger","Undo","Echo Form+1"],"relics":["Cracked Core","Torii","Darkstone Periapt","Potion Belt","Ancient Tea Set","Singing Bowl","Calling Bell","Omamori","Frozen Egg 2","Mango","Spirit Poop"],"potions_floor_usage":[10,10,18],"damage_taken":[{"damage":0,"enemies":"2 Louse","floor":1,"turns":2},{"damage":14,"enemies":"Small Slimes","floor":2,"turns":4},{"damage":1,"enemies":"Cultist","floor":5,"turns":3},{"damage":19,"enemies":"3 Sentries","floor":7,"turns":6},{"damage":0,"enemies":"Exordium Wildlife","floor":8,"turns":2},{"damage":0,"enemies":"Gremlin Nob","floor":10,"turns":3},{"damage":1,"enemies":"2 Fungi Beasts","floor":11,"turns":3},{"damage":11,"enemies":"Lagavulin","floor":12,"turns":5},{"damage":0,"enemies":"Slime Boss","floor":16,"turns":7},{"damage":31,"enemies":"Chosen","floor":18,"turns":6},{"damage":18,"enemies":"2 Thieves","floor":21,"turns":4},{"damage":35,"enemies":"Centurion and Healer","floor":22,"turns":6},{"damage":21,"enemies":"Slavers","floor":23,"turns":1}],"seed_played":"-9117797535824066437","potions_obtained":[{"floor":5,"key":"Ancient Potion"},{"floor":7,"key":"Swift Potion"},{"floor":8,"key":"Poison Potion"},{"floor":16,"key":"Ancient Potion"},{"floor":21,"key":"Poison Potion"}],"is_trial":false,"path_per_floor":["M","M","$","?","M","R","E","M","T","E","M","E","R","?","R","B",null,"M","?","?","M","M","E"],"character_chosen":"DEFECT","items_purchased":["Sweeping Beam"],"campfire_rested":1,"item_purchase_floors":[3],"current_hp_per_floor":[68,54,54,54,53,53,34,34,34,34,33,22,22,15,35,35,100,69,63,63,45,10,0],"gold":416,"neow_bonus":"THREE_RARE_CARDS","is_prod":false,"is_daily":false,"chose_seed":false,"campfire_upgraded":2,"win_rate":0,"timestamp":1547097571,"path_taken":["M","M","$","?","M","R","E","M","T","E","M","E","R","?","R","BOSS","M","?","?","?","M","E"],"build_version":"2019-01-03v4","purchased_purges":0,"victory":false,"max_hp_per_floor":[68,68,68,68,68,68,68,68,68,68,68,68,68,68,68,68,100,100,100,100,100,100,100],"card_choices":[{"not_picked":["Hyperbeam","Amplify"],"picked":"Buffer","floor":0},{"not_picked":["Aggregate","Rebound"],"picked":"Hologram","floor":1},{"not_picked":["Redo","Compile Driver","Hello World"],"picked":"SKIP","floor":2},{"not_picked":["Skim","Chaos"],"picked":"Beam Cell","floor":5},{"not_picked":["Aggregate","Consume","Compile Driver"],"picked":"SKIP","floor":7},{"not_picked":["Blizzard","Darkness"],"picked":"Cold Snap","floor":8},{"not_picked":["Reboot","Stack","Hello World"],"picked":"SKIP","floor":10},{"not_picked":["Rebound","Streamline"],"picked":"Darkness","floor":11},{"not_picked":["BootSequence","Heatsinks"],"picked":"Conserve Battery","floor":12},{"not_picked":["All For One","Echo Form"],"picked":"Electrodynamics","floor":16},{"not_picked":["Genetic Algorithm","Conserve Battery"],"picked":"Leap+1","floor":18},{"not_picked":["Streamline","Stack"],"picked":"Undo","floor":21},{"not_picked":["Reprogram","Hologram"],"picked":"Echo Form+1","floor":22}],"player_experience":128319,"relics_obtained":[{"floor":7,"key":"Torii"},{"floor":9,"key":"Darkstone Periapt"},{"floor":10,"key":"Potion Belt"},{"floor":12,"key":"Ancient Tea Set"},{"floor":17,"key":"Omamori"},{"floor":17,"key":"Frozen Egg 2"},{"floor":17,"key":"Mango"}],"event_choices":[{"damage_healed":0,"gold_gain":0,"player_choice":"Ignored","damage_taken":0,"max_hp_gain":0,"max_hp_loss":0,"event_name":"Liars Game","floor":4,"gold_loss":0},{"damage_healed":0,"gold_gain":0,"player_choice":"Success","damage_taken":7,"relics_obtained":["Singing Bowl"],"max_hp_gain":0,"max_hp_loss":0,"event_name":"Scrap Ooze","floor":14,"gold_loss":0},{"damage_healed":0,"gold_gain":0,"player_choice":"Joined the Cult","damage_taken":6,"max_hp_gain":0,"max_hp_loss":0,"event_name":"Nest","floor":19,"gold_loss":0,"cards_obtained":["RitualDagger"]},{"cards_removed":["Pain"],"damage_healed":0,"gold_gain":0,"player_choice":"Offered Curse","damage_taken":0,"relics_obtained":["Spirit Poop"],"max_hp_gain":0,"max_hp_loss":0,"event_name":"Bonfire Elementals","floor":20,"gold_loss":0}],"is_beta":false,"boss_relics":[{"not_picked":["Snecko Eye","Runic Pyramid"],"picked":"Calling Bell"}],"items_purged_floors":[],"is_endless":false,"potions_floor_spawned":[5,7,8,16,21],"killed_by":"Slavers","ascension_level":2}