{"gold_per_floor":[414,364,99,113,113,113,147,147,174,200,30,50,25,35,35,137,137,149,160,35,45,61,89,89,89,89,120,133,133,103,28,28,126,126,144,144,157,71,0,30,30,56,122,134,158,170,182,208,220,232],"floor_reached":51,"playtime":7009,"items_purged":["Defend_G","Strike_G","Strike_G"],"score":914,"play_id":"7d833be8-d54e-49c5-980b-f099c5c65afa","local_time":"20180920234528","is_ascension_mode":true,"campfire_choices":[{"data":"Infinite Blades","floor":6.0,"key":"SMITH"},{"data":"Cloak And Dagger","floor":8.0,"key":"SMITH"},{"floor":15.0,"key":"REST"},{"floor":25.0,"key":"REST"},{"floor":29.0,"key":"REST"},{"floor":32.0,"key":"REST"},{"floor":41.0,"key":"REST"},{"floor":44.0,"key":"REST"},{"floor":49.0,"key":"REST"}],"neow_cost":"TEN_PERCENT_HP_LOSS","seed_source_timestamp":500148631314542,"circlet_count":0,"master_deck":["Defend_G","Defend_G","Strike_G","Strike_G","Survivor","Neutralize","Cloak And Dagger+1","Infinite Blades+1","Backflip","Cloak And Dagger","Infinite Blades","Accuracy","Venomology","PiercingWail","Predator","A Thousand Cuts","Flying Knee","Footwork","Blade Dance+1","Slice+1","Masterful Stab","Doppelganger","Calculated Gamble+1","Malaise","Dagger Throw+1","Enlightenment","The Bomb","Apotheosis","Accuracy","Acrobatics","Dash","After Image","Madness","Madness","Cloak And Dagger+1"],"special_seed":0,"relics":["Ring of the Serpent","Old Coin","Ancient Tea Set","FossilizedHelix","Anchor","Juzu Bracelet","Black Star","Lantern","Snake Skull","Singing Bowl","Vajra","Bag of Marbles","Red Mask","Smiling Mask","Oddly Smooth Stone","Regal Pillow","MawBank","Orichalcum"],"potions_floor_usage":[50,50,50],"damage_taken":[{"damage":7.0,"enemies":"Jaw Worm","floor":1.0,"turns":6.0},{"damage":0.0,"enemies":"Small Slimes","floor":4.0,"turns":4.0},{"damage":19.0,"enemies":"3 Sentries","floor":7.0,"turns":8.0},{"damage":11.0,"enemies":"Lagavulin","floor":10.0,"turns":9.0},{"damage":0.0,"enemies":"Cultist","floor":12.0,"turns":3.0},{"damage":6.0,"enemies":"Lots of Slimes","floor":14.0,"turns":5.0},{"damage":2.0,"enemies":"The Guardian","floor":16.0,"turns":11.0},{"damage":10.0,"enemies":"Shell Parasite","floor":18.0,"turns":5.0},{"damage":0.0,"enemies":"Chosen","floor":19.0,"turns":5.0},{"damage":14.0,"enemies":"Snake Plant","floor":21.0,"turns":6.0},{"damage":0.0,"enemies":"Centurion and Healer","floor":22.0,"turns":7.0},{"damage":32.0,"enemies":"Book of Stabbing","floor":23.0,"turns":7.0},{"damage":15.0,"enemies":"Gremlin Leader","floor":27.0,"turns":6.0},{"damage":11.0,"enemies":"Sentry and Sphere","floor":28.0,"turns":4.0},{"damage":14.0,"enemies":"Champ","floor":33.0,"turns":8.0},{"damage":18.0,"enemies":"3 Darklings","floor":35.0,"turns":6.0},{"damage":6.0,"enemies":"Orb Walker","floor":37.0,"turns":5.0},{"damage":4.0,"enemies":"Nemesis","floor":40.0,"turns":7.0},{"damage":54.0,"enemies":"Giant Head","floor":42.0,"turns":9.0},{"damage":0.0,"enemies":"Maw","floor":45.0,"turns":6.0},{"damage":13.0,"enemies":"Transient","floor":48.0,"turns":5.0},{"damage":0,"enemies":"Donu and Deca","floor":50,"turns":8}],"seed_played":"5414966074493571193","potions_obtained":[{"floor":4.0,"key":"SpeedPotion"},{"floor":10.0,"key":"Block Potion"},{"floor":14.0,"key":"Weak Potion"},{"floor":18.0,"key":"Energy Potion"},{"floor":27.0,"key":"AttackPotion"},{"floor":28.0,"key":"GamblersBrew"},{"floor":30.0,"key":"Fruit Juice"},{"floor":30.0,"key":"Energy Potion"},{"floor":37.0,"key":"Ancient Potion"},{"floor":40.0,"key":"Weak Potion"},{"floor":48.0,"key":"Poison Potion"}],"is_trial":false,"path_per_floor":["M","?","$","M","?","R","E","R","T","E","$","M","$","M","R","B",null,"M","M","$","M","M","E","?","R","T","E","M","R","?","?","R","B",null,"M","?","M","$","?","E","R","E","T","R","M","?","?","M","R","B"],"character_chosen":"THE_SILENT","items_purchased":["Infinite Blades","Ancient Tea Set","Accuracy","PiercingWail","Accuracy","Acrobatics"],"campfire_rested":7,"item_purchase_floors":[3,3,11,13,38,38],"current_hp_per_floor":[56,56,56,56,61,61,42,42,42,31,31,31,31,25,45,43,68,58,58,58,44,44,12,12,32,32,17,6,26,31,31,52,38,73,55,45,41,41,41,37,59,5,5,42,44,34,34,21,59,59],"gold":244,"neow_bonus":"ONE_RARE_RELIC","is_prod":false,"is_daily":false,"chose_seed":false,"campfire_upgraded":2,"win_rate":0,"timestamp":1537501528,"path_taken":["M","?","$","?","?","R","E","R","T","E","$","M","?","M","R","BOSS","M","M","$","M","M","E","?","R","T","E","M","R","?","?","R","BOSS","M","?","M","?","?","E","R","E","T","R","M","?","?","M","R","BOSS"],"build_version":"2018-09-20","purchased_purges":3,"victory":true,"max_hp_per_floor":[63,63,63,63,68,68,68,68,68,68,68,68,68,68,68,68,68,68,68,68,68,68,68,68,68,68,68,68,68,73,73,73,73,73,73,73,75,75,75,75,75,75,75,75,77,77,77,77,77,77],"card_choices":[{"not_picked":["PiercingWail","Backflip"],"picked":"Cloak And Dagger","floor":1.0},{"not_picked":["Escape Plan","Deadly Poison"],"picked":"Backflip","floor":4.0},{"not_picked":["Acrobatics","Eviscerate"],"picked":"Cloak And Dagger","floor":7.0},{"not_picked":["Blade Dance","Underhanded Strike"],"picked":"Infinite Blades","floor":10.0},{"not_picked":["Flying Knee","Underhanded Strike"],"picked":"Venomology","floor":12.0},{"not_picked":["Flying Knee","Quick Slash"],"picked":"Predator","floor":14.0},{"not_picked":["Glass Knife","Unload"],"picked":"A Thousand Cuts","floor":16.0},{"not_picked":["PiercingWail","Quick Slash"],"picked":"Flying Knee","floor":18.0},{"not_picked":["Acrobatics+1","Leg Sweep"],"picked":"Footwork","floor":19.0},{"not_picked":["Outmaneuver+1","Caltrops"],"picked":"Blade Dance+1","floor":21.0},{"not_picked":["Dodge and Roll","Concentrate"],"picked":"Slice+1","floor":22.0},{"not_picked":["Riddle With Holes","Underhanded Strike+1"],"picked":"Masterful Stab","floor":23.0},{"not_picked":["Flying Knee","Backstab"],"picked":"Doppelganger","floor":27.0},{"not_picked":["Deflect","Dagger Spray"],"picked":"Calculated Gamble+1","floor":28.0},{"not_picked":["Glass Knife","Wraith Form v2"],"picked":"Malaise","floor":33.0},{"not_picked":["Cloak And Dagger","Bane"],"picked":"Dagger Throw+1","floor":35.0},{"not_picked":["Secret Weapon","Good Instincts"],"picked":"Enlightenment","floor":36.0},{"not_picked":["Swift Strike","Jack Of All Trades"],"picked":"The Bomb","floor":36.0},{"not_picked":["Secret Technique","The Bomb"],"picked":"Apotheosis","floor":36.0},{"not_picked":["Dodge and Roll","Flechettes+1","Deflect"],"picked":"Singing Bowl","floor":37.0},{"not_picked":["Reflex+1","Bane+1"],"picked":"Dash","floor":40.0},{"not_picked":["Acrobatics+1","Catalyst+1"],"picked":"After Image","floor":42.0},{"not_picked":["Deflect","Prepared","Expertise"],"picked":"Singing Bowl","floor":45.0},{"not_picked":["Bouncing Flask","Choke+1"],"picked":"Cloak And Dagger+1","floor":48.0}],"player_experience":443845,"relics_obtained":[{"floor":7.0,"key":"FossilizedHelix"},{"floor":9.0,"key":"Anchor"},{"floor":10.0,"key":"Juzu Bracelet"},{"floor":23.0,"key":"Lantern"},{"floor":23.0,"key":"Snake Skull"},{"floor":26.0,"key":"Singing Bowl"},{"floor":27.0,"key":"Vajra"},{"floor":27.0,"key":"Bag of Marbles"},{"floor":40.0,"key":"Smiling Mask"},{"floor":40.0,"key":"Oddly Smooth Stone"},{"floor":42.0,"key":"Regal Pillow"},{"floor":42.0,"key":"MawBank"},{"floor":43.0,"key":"Orichalcum"}],"event_choices":[{"event_name":"The Cleric","player_choice":"Card Removal","floor":2.0,"damage_taken":0.0},{"event_name":"Big Fish","player_choice":"Donut","floor":5.0,"damage_taken":0.0},{"event_name":"Bonfire Elementals","player_choice":"BASIC","floor":24.0,"damage_taken":0.0},{"event_name":"The Woman in Blue","player_choice":"Bought 2 Potions","floor":30.0,"damage_taken":0.0},{"event_name":"Beggar","player_choice":"Gave Gold","floor":31.0,"damage_taken":0.0},{"event_name":"SensoryStone","player_choice":"Memory 3","floor":36.0,"damage_taken":0.0},{"event_name":"Tomb of Lord Red Mask","player_choice":"Paid","floor":39.0,"damage_taken":0.0},{"event_name":"Winding Halls","player_choice":"Embrace Madness","floor":46.0,"damage_taken":0.0},{"event_name":"The Moai Head","player_choice":"Ignored","floor":47.0,"damage_taken":0.0}],"is_beta":false,"boss_relics":[{"not_picked":["Empty Cage","Fusion Hammer"],"picked":"Black Star"},{"not_picked":["White Beast Statue","Calling Bell"],"picked":"Ring of the Serpent"}],"items_purged_floors":[3,11,20],"is_endless":false,"potions_floor_spawned":[4,10,14,18,27,28,37,40,48],"ascension_level":3}