{"gold_per_floor":[110,127,127,137,50,77,77,111,162,181,181,209,229,229,229,229],"floor_reached":16,"playtime":630,"items_purged":[],"score":138,"play_id":"d565feb2-6a1e-47b9-9564-6c9e8488280b","local_time":"20190110222143","is_ascension_mode":true,"campfire_choices":[{"data":"Whirlwind","floor":7,"key":"SMITH"},{"data":"Bash","floor":11,"key":"SMITH"},{"data":"Armaments","floor":15,"key":"SMITH"}],"neow_cost":"NONE","seed_source_timestamp":179963806563065,"circlet_count":0,"master_deck":["Strike_R","Strike_R+1","Strike_R","Strike_R","Strike_R+1","Defend_R","Defend_R","Defend_R","Defend_R","Bash+1","True Grit+1","Twin Strike","Pommel Strike","Whirlwind+1","Disarm","Rage","Armaments+1"],"relics":["Burning Blood","Whetstone","Singing Bowl","Oddly Smooth Stone","PreservedInsect","Ginger","Golden Idol"],"potions_floor_usage":[12,16,16,16],"damage_taken":[{"damage":7,"enemies":"Small Slimes","floor":1,"turns":3},{"damage":7,"enemies":"Jaw Worm","floor":2,"turns":3},{"damage":1,"enemies":"2 Louse","floor":4,"turns":2},{"damage":32,"enemies":"Gremlin Nob","floor":6,"turns":4},{"damage":11,"enemies":"3 Sentries","floor":8,"turns":4},{"damage":16,"enemies":"Exordium Wildlife","floor":10,"turns":4},{"damage":8,"enemies":"Gremlin Nob","floor":12,"turns":3},{"damage":12,"enemies":"Lots of Slimes","floor":13,"turns":3},{"damage":37,"enemies":"Slime Boss","floor":16,"turns":9}],"seed_played":"88161629379318728","potions_obtained":[{"floor":4,"key":"Swift Potion"},{"floor":6,"key":"SpeedPotion"},{"floor":10,"key":"LiquidBronze"},{"floor":13,"key":"AttackPotion"}],"is_trial":false,"path_per_floor":["M","M","?","M","$","E","R","E","T","M","R","E","M","?","R","B"],"character_chosen":"IRONCLAD","items_purchased":["Pommel Strike","Whirlwind"],"campfire_rested":0,"item_purchase_floors":[5,5],"current_hp_per_floor":[79,78,78,80,80,54,54,49,49,41,41,41,35,35,35,0],"gold":229,"neow_bonus":"RANDOM_COMMON_RELIC","is_prod":false,"is_daily":false,"chose_seed":false,"campfire_upgraded":3,"win_rate":0,"timestamp":1547187703,"path_taken":["M","M","?","M","$","E","R","E","T","M","R","E","M","?","R","BOSS"],"build_version":"2019-01-10","purchased_purges":0,"victory":false,"max_hp_per_floor":[80,80,80,80,80,80,80,80,80,82,82,84,84,78,78,78],"card_choices":[{"not_picked":["Flex","Perfected Strike"],"picked":"True Grit","floor":1},{"not_picked":["Entrench","Anger","Shockwave"],"picked":"SKIP","floor":2},{"not_picked":["Shockwave","Seeing Red"],"picked":"Twin Strike","floor":4},{"not_picked":["Fiend Fire","Rupture"],"picked":"Disarm","floor":6},{"not_picked":["Carnage","Sword Boomerang"],"picked":"Rage","floor":8},{"not_picked":["Heavy Blade","Thunderclap","Twin Strike"],"picked":"Singing Bowl","floor":10},{"not_picked":["Clash","Disarm","Whirlwind"],"picked":"Singing Bowl","floor":12},{"not_picked":["Thunderclap","Cleave"],"picked":"Armaments","floor":13}],"player_experience":134855,"relics_obtained":[{"floor":6,"key":"Singing Bowl"},{"floor":8,"key":"Oddly Smooth Stone"},{"floor":9,"key":"PreservedInsect"},{"floor":12,"key":"Ginger"}],"event_choices":[{"damage_healed":0,"gold_gain":0,"player_choice":"Grow","damage_taken":0,"max_hp_gain":0,"max_hp_loss":0,"event_name":"Living Wall","floor":3,"gold_loss":0,"cards_upgraded":["True Grit"]},{"damage_healed":0,"gold_gain":0,"player_choice":"Lose Max HP","damage_taken":0,"relics_obtained":["Golden Idol"],"max_hp_gain":0,"max_hp_loss":6,"event_name":"Golden Idol","floor":14,"gold_loss":0}],"is_beta":false,"boss_relics":[],"items_purged_floors":[],"is_endless":false,"potions_floor_spawned":[4,6,10,13],"killed_by":"Slime Boss","ascension_level":3}