{"gold_per_floor":[112,126,126,126,77,77,104,116,116,116,128,139,60,78,78,181,181,195,211,211],"floor_reached":20,"playtime":2102,"items_purged":[],"score":176,"play_id":"4581aef5-a33f-4780-813a-dae0731872cc","local_time":"20181224145611","is_ascension_mode":false,"campfire_choices":[{"data":"Bash","floor":6,"key":"SMITH"},{"data":"Perfected Strike","floor":10,"key":"SMITH"},{"floor":15,"key":"REST"}],"neow_cost":"","seed_source_timestamp":331146962163951,"circlet_count":0,"master_deck":["Strike_R","Strike_R","Strike_R","Strike_R","Defend_R","Defend_R","Defend_R","Defend_R","Bash+1","Perfected Strike+1","Infernal Blade","Warcry","Pommel Strike","Cleave","Twin Strike","Thunderclap","Shockwave","Double Tap","Sword Boomerang","Flex"],"relics":["Burning Blood","Gambling Chip","Blood Vial","Bottled Flame","Eternal Feather"],"potions_floor_usage":[12,14,16,16,20],"damage_taken":[{"damage":5,"enemies":"Cultist","floor":1,"turns":4},{"damage":8,"enemies":"Jaw Worm","floor":2,"turns":3},{"damage":41,"enemies":"Lagavulin","floor":7,"turns":7},{"damage":2,"enemies":"2 Louse","floor":8,"turns":2},{"damage":9,"enemies":"Blue Slaver","floor":11,"turns":3},{"damage":3,"enemies":"3 Louse","floor":12,"turns":2},{"damage":12,"enemies":"Exordium Wildlife","floor":14,"turns":2},{"damage":58,"enemies":"The Guardian","floor":16,"turns":13},{"damage":26,"enemies":"3 Byrds","floor":18,"turns":5},{"damage":46,"enemies":"2 Thieves","floor":19,"turns":5},{"damage":30,"enemies":"Colosseum Slavers","floor":20,"turns":2}],"seed_played":"-597469390866915005","potions_obtained":[{"floor":7,"key":"PowerPotion"},{"floor":8,"key":"SteroidPotion"},{"floor":11,"key":"GamblersBrew"},{"floor":12,"key":"SpeedPotion"},{"floor":18,"key":"Ancient Potion"}],"is_trial":false,"path_per_floor":["M","M","T","?","$","R","E","M","T","R","M","M","$","M","R","B",null,"M","M","?"],"character_chosen":"IRONCLAD","items_purchased":["Warcry","Shockwave"],"campfire_rested":1,"item_purchase_floors":[5,13],"current_hp_per_floor":[80,78,78,71,71,71,36,42,42,42,41,46,46,42,66,16,80,60,22,0],"gold":211,"neow_bonus":"","is_prod":false,"is_daily":false,"chose_seed":false,"campfire_upgraded":2,"win_rate":0.0,"timestamp":1545692171,"path_taken":["M","M","?","?","$","R","E","M","T","R","M","M","$","M","R","BOSS","M","M","?"],"build_version":"2018-12-20","purchased_purges":0,"victory":false,"max_hp_per_floor":[80,80,80,80,80,80,80,80,80,80,80,80,80,80,80,80,80,80,80,80],"card_choices":[{"not_picked":["Clothesline","Flex"],"picked":"Perfected Strike","floor":1},{"not_picked":["Fire Breathing","Flex"],"picked":"Infernal Blade","floor":2},{"not_picked":["Perfected Strike","Power Through"],"picked":"Pommel Strike","floor":7},{"not_picked":["True Grit","Shrug It Off"],"picked":"Cleave","floor":8},{"not_picked":["Headbutt","Sever Soul"],"picked":"Twin Strike","floor":11},{"not_picked":["Bloodletting","Armaments"],"picked":"Thunderclap","floor":12},{"not_picked":["Sword Boomerang","Headbutt","True Grit"],"picked":"SKIP","floor":14},{"not_picked":["Bludgeon","Fiend Fire"],"picked":"Double Tap","floor":16},{"not_picked":["Ghostly Armor","Clothesline"],"picked":"Sword Boomerang","floor":18},{"not_picked":["Disarm","Twin Strike+1"],"picked":"Flex","floor":19}],"player_experience":0,"relics_obtained":[{"floor":3,"key":"Gambling Chip"},{"floor":7,"key":"Blood Vial"},{"floor":9,"key":"Bottled Flame"}],"event_choices":[{"cards_removed":["Strike_R"],"damage_healed":0,"gold_gain":0,"player_choice":"Card Removal","damage_taken":7,"max_hp_gain":0,"max_hp_loss":0,"event_name":"Golden Wing","floor":4,"gold_loss":0},{"damage_healed":0,"gold_gain":0,"player_choice":"Fight","damage_taken":0,"max_hp_gain":0,"max_hp_loss":0,"event_name":"Colosseum","floor":20,"gold_loss":0}],"is_beta":false,"boss_relics":[{"not_picked":["Calling Bell","Coffee Dripper"],"picked":"Eternal Feather"}],"items_purged_floors":[],"is_endless":false,"potions_floor_spawned":[7,8,11,12,18],"killed_by":"Colosseum Slavers","ascension_level":0}