{"gold_per_floor":[111,111,111,111,125,154,154,186,186,39,56,26,26,37,37,133,133,73,88,104,114,114],"floor_reached":22,"playtime":1666,"items_purged":[],"score":296,"play_id":"d3789b77-3894-4b65-8c2f-7de544241908","local_time":"20190211195112","is_ascension_mode":true,"campfire_choices":[{"data":"Footwork","floor":7,"key":"SMITH"},{"data":"1","floor":13,"key":"LIFT"},{"data":"2","floor":15,"key":"LIFT"}],"neow_cost":"NONE","seed_source_timestamp":184575905958895,"circlet_count":0,"master_deck":["Defend_G","Defend_G","Defend_G","Defend_G","Defend_G","Strike_G","Strike_G","Strike_G","Strike_G","Strike_G","Survivor","Neutralize","Backflip","Dodge and Roll","Footwork+1","Envenom","Well Laid Plans","Escape Plan","Prepared","Phantasmal Killer","Cloak And Dagger","Terror+1","Backflip+1","Quick Slash+1"],"relics":["Ring of the Snake","NeowsBlessing","Du-Vu Doll","Omamori","Girya","PreservedInsect","Sozu"],"potions_floor_usage":[8,8,8,18],"damage_taken":[{"damage":0,"enemies":"Cultist","floor":1,"turns":1},{"damage":0,"enemies":"2 Louse","floor":5,"turns":1},{"damage":0,"enemies":"3 Sentries","floor":6,"turns":1},{"damage":6,"enemies":"Lagavulin","floor":8,"turns":13},{"damage":0,"enemies":"Small Slimes","floor":11,"turns":7},{"damage":0,"enemies":"Looter","floor":12,"turns":4},{"damage":0,"enemies":"3 Louse","floor":14,"turns":6},{"damage":3,"enemies":"The Guardian","floor":16,"turns":16},{"damage":0,"enemies":"2 Thieves","floor":18,"turns":4},{"damage":5,"enemies":"Chosen","floor":19,"turns":7},{"damage":30,"enemies":"Shelled Parasite and Fungi","floor":20,"turns":7},{"damage":15,"enemies":"Centurion and Healer","floor":21,"turns":9},{"damage":18,"enemies":"Chosen and Byrds","floor":22,"turns":4}],"seed_played":"5556710144268548001","potions_obtained":[{"floor":3,"key":"AttackPotion"},{"floor":3,"key":"EntropicBrew"},{"floor":3,"key":"PowerPotion"}],"is_trial":false,"path_per_floor":["M","$","?","$","M","E","R","E","T","$","M","M","R","M","R","B",null,"M","M","M","M","M"],"character_chosen":"THE_SILENT","items_purchased":["PreservedInsect"],"campfire_rested":0,"item_purchase_floors":[10],"current_hp_per_floor":[63,63,63,63,63,63,63,57,57,57,57,57,57,57,57,54,66,66,61,31,16,0],"gold":114,"neow_bonus":"THREE_ENEMY_KILL","is_prod":false,"is_daily":false,"chose_seed":false,"campfire_upgraded":1,"win_rate":0,"timestamp":1549911072,"path_taken":["M","?","?","$","M","E","R","E","T","$","M","M","R","?","R","BOSS","M","M","M","M","M"],"build_version":"2019-01-23","purchased_purges":0,"victory":false,"max_hp_per_floor":[70,70,70,70,70,70,70,70,70,70,70,70,70,70,70,70,70,70,70,70,70,70],"card_choices":[{"not_picked":["Flying Knee","Deadly Poison"],"picked":"Backflip","floor":1},{"not_picked":["All Out Attack","Outmaneuver"],"picked":"Dodge and Roll","floor":5},{"not_picked":["Leg Sweep","Envenom"],"picked":"Footwork","floor":6},{"not_picked":["Predator","Poisoned Stab"],"picked":"Envenom","floor":8},{"not_picked":["Predator","Heel Hook"],"picked":"Well Laid Plans","floor":11},{"not_picked":["Heel Hook","Acrobatics"],"picked":"Escape Plan","floor":12},{"not_picked":["Eviscerate","Underhanded Strike"],"picked":"Prepared","floor":14},{"not_picked":["Bullet Time","Corpse Explosion"],"picked":"Phantasmal Killer","floor":16},{"not_picked":["Crippling Poison","Poisoned Stab"],"picked":"Cloak And Dagger","floor":18},{"not_picked":["Blade Dance","Bouncing Flask"],"picked":"Terror+1","floor":19},{"not_picked":["Reflex","Choke"],"picked":"Backflip+1","floor":20},{"not_picked":["Flying Knee+1","Prepared"],"picked":"Quick Slash+1","floor":21}],"player_experience":441863,"relics_obtained":[{"floor":6,"key":"Du-Vu Doll"},{"floor":8,"key":"Omamori"},{"floor":9,"key":"Girya"}],"event_choices":[{"damage_healed":0,"gold_gain":0,"player_choice":"Got Potions","damage_taken":0,"max_hp_gain":0,"max_hp_loss":0,"event_name":"Lab","floor":3,"gold_loss":0}],"is_beta":false,"boss_relics":[{"not_picked":["Runic Pyramid","Runic Dome"],"picked":"Sozu"}],"items_purged_floors":[],"is_endless":false,"potions_floor_spawned":[8,11,14,20,21],"killed_by":"Chosen and Byrds","ascension_level":7}