{"gold_per_floor":[117,130,160,160,61,89,89,101,126,126,144,144,144,156,156,259,259,269,219,272,291,309,339,339,358,408,421,421,439,454,468,468,567,567,583,593,593,245,255,288,59,59,59,71,71,86,62,0,0,0],"floor_reached":50,"playtime":15953,"items_purged":["Strike_R","Strike_R"],"score":521,"play_id":"a6005d29-614f-4b2b-98f3-2524a55aa935","local_time":"20180714220234","is_ascension_mode":false,"campfire_choices":[{"floor":7.0,"key":"REST"},{"data":"Whirlwind","floor":10.0,"key":"SMITH"},{"data":"Iron Wave","floor":13.0,"key":"SMITH"},{"data":"Iron Wave","floor":15.0,"key":"SMITH"},{"floor":24.0,"key":"REST"},{"floor":28.0,"key":"REST"},{"floor":32.0,"key":"REST"},{"floor":42,"key":"REST"},{"data":"Spot Weakness","floor":45,"key":"SMITH"},{"floor":49,"key":"REST"}],"neow_cost":"NONE","seed_source_timestamp":0,"circlet_count":0,"master_deck":["Defend_R","Defend_R","Defend_R","Bash","Offering","Uppercut","Warcry","Whirlwind+1","Clash","Iron Wave+1","Shrug It Off","Iron Wave+1","Double Tap","Heavy Blade+1","Twin Strike+1","Flame Barrier+1","Second Wind+1","Clash","Infernal Blade","Twin Strike","Pommel Strike","Dual Wield","Pummel","Spot Weakness+1","Clothesline+1","Flex","Limit Break","Pummel+1","Rage+1","Combust","Spot Weakness+1","Clothesline+1","Double Tap","Metallicize","Armaments","Twin Strike+1","Flex+1","Clash+1","Armaments","Whirlwind+1"],"special_seed":0,"relics":["Black Blood","Tiny Chest","Blood Vial","Red Skull","Bag of Preparation","Astrolabe","Boot","Potion Belt","Dream Catcher","Regal Pillow","Centennial Puzzle","Molten Egg 2","Red Mask"],"potions_floor_usage":[40,50,50],"damage_taken":[{"damage":7.0,"enemies":"2 Louse","floor":1.0,"turns":3.0},{"damage":4.0,"enemies":"Cultist","floor":2.0,"turns":2.0},{"damage":33.0,"enemies":"3 Sentries","floor":6.0,"turns":7.0},{"damage":5.0,"enemies":"Jaw Worm","floor":8.0,"turns":3.0},{"damage":7.0,"enemies":"Red Slaver","floor":11.0,"turns":2.0},{"damage":0.0,"enemies":"Looter","floor":14.0,"turns":3.0},{"damage":55.0,"enemies":"The Guardian","floor":16.0,"turns":14.0},{"damage":20.0,"enemies":"2 Thieves","floor":18.0,"turns":4.0},{"damage":5.0,"enemies":"Shell Parasite","floor":21.0,"turns":3.0},{"damage":32.0,"enemies":"Snecko","floor":22.0,"turns":6.0},{"damage":37.0,"enemies":"Gremlin Leader","floor":23.0,"turns":8.0},{"damage":11.0,"enemies":"Centurion and Healer","floor":25.0,"turns":3.0},{"damage":6.0,"enemies":"Snake Plant","floor":27.0,"turns":3.0},{"damage":25.0,"enemies":"Snecko","floor":29.0,"turns":4.0},{"damage":31.0,"enemies":"Slaver and Parasite","floor":30.0,"turns":4.0},{"damage":0.0,"enemies":"Sentry and Sphere","floor":31.0,"turns":4.0},{"damage":45.0,"enemies":"Automaton","floor":33.0,"turns":11.0},{"damage":44,"enemies":"3 Darklings","floor":35,"turns":3},{"damage":4,"enemies":"Orb Walker","floor":36,"turns":1},{"damage":14,"enemies":"Flame Bruiser 2 Orb","floor":39,"turns":4},{"damage":34,"enemies":"2 Orb Walkers","floor":40,"turns":4},{"damage":21,"enemies":"Sphere and 2 Shapes","floor":44,"turns":5},{"damage":45,"enemies":"4 Shapes","floor":46,"turns":6},{"damage":80,"enemies":"Donu and Deca","floor":50,"turns":5}],"seed_played":"8482482946845232963","potions_obtained":[{"floor":6.0,"key":"Block Potion"},{"floor":14.0,"key":"Block Potion"},{"floor":23.0,"key":"AttackPotion"},{"floor":27.0,"key":"SpeedPotion"},{"floor":29.0,"key":"Strength Potion"},{"floor":31.0,"key":"Dexterity Potion"},{"floor":33.0,"key":"SkillPotion"},{"floor":35,"key":"Strength Potion"},{"floor":46,"key":"Energy Potion"}],"is_trial":false,"path_per_floor":["M","M","?","?","$","E","R","M","T","R","M","T","R","M","R","B",null,"M","?","T","M","M","E","R","M","T","M","R","M","M","M","R","B",null,"M","M","?","$","M","E","$","R","T","M","R","M","$","?","R"],"character_chosen":"IRONCLAD","items_purchased":["Warcry","Whirlwind","Combust","Regal Pillow","Spot Weakness","Metallicize","Armaments","Armaments"],"campfire_rested":6,"item_purchase_floors":[5,5,38,38,38,41,41,47],"current_hp_per_floor":[79,80,77,77,77,50,74,77,77,77,78,78,78,80,80,31,80,66,66,66,69,45,16,40,37,37,39,63,46,23,31,55,18,80,46,54,54,54,52,30,30,69,69,60,60,27,27,27,66,0],"gold":0,"neow_bonus":"ONE_RANDOM_RARE_CARD","is_prod":false,"is_daily":false,"chose_seed":false,"campfire_upgraded":4,"win_rate":0.0,"timestamp":1531620154,"path_taken":["M","M","?","?","$","E","R","M","T","R","M","?","R","M","R","BOSS","M","?","?","M","M","E","R","M","T","?","R","M","?","M","R","BOSS","M","M","?","$","M","E","$","R","T","M","R","M","?","?","R","BOSS"],"build_version":"2018-07-12","purchased_purges":2,"victory":false,"max_hp_per_floor":[80,80,80,80,80,80,80,80,80,80,80,80,80,80,80,80,80,80,80,80,80,80,80,80,80,80,80,80,80,80,80,80,80,80,80,80,80,80,80,80,80,80,80,80,80,80,80,80,80,80],"card_choices":[{"not_picked":["Sword Boomerang","Battle Trance"],"picked":"Uppercut","floor":1.0},{"not_picked":["Thunderclap","Pommel Strike"],"picked":"Seeing Red","floor":2.0},{"not_picked":["Thunderclap","Uppercut"],"picked":"Clash","floor":6.0},{"not_picked":["Seeing Red","Shrug It Off"],"picked":"Iron Wave","floor":8.0},{"not_picked":["Limit Break","Heavy Blade"],"picked":"Shrug It Off","floor":11.0},{"not_picked":["Pommel Strike","Perfected Strike"],"picked":"Iron Wave","floor":14.0},{"not_picked":["Feed","Dark Embrace"],"picked":"Double Tap","floor":16.0},{"not_picked":["Clothesline","Bloodletting+1"],"picked":"Second Wind+1","floor":18.0},{"not_picked":["Anger","Iron Wave"],"picked":"Clash","floor":21.0},{"not_picked":["Thunderclap","Reckless Charge"],"picked":"Infernal Blade","floor":22.0},{"not_picked":["Heavy Blade","Fiend Fire"],"picked":"Twin Strike","floor":23.0},{"not_picked":["Perfected Strike","Cleave"],"picked":"Pommel Strike","floor":25.0},{"not_picked":["Anger","Pommel Strike+1"],"picked":"Dual Wield","floor":27.0},{"not_picked":["Infernal Blade","Warcry+1"],"picked":"Pummel","floor":28.0},{"not_picked":["Armaments","Feel No Pain"],"picked":"Spot Weakness+1","floor":29.0},{"not_picked":["Corruption","Cleave","Blood for Blood"],"picked":"SKIP","floor":30.0},{"not_picked":["Body Slam","Searing Blow"],"picked":"Clothesline+1","floor":31.0},{"not_picked":["Bludgeon","True Grit"],"picked":"Flex","floor":32.0},{"not_picked":["Reaper","Barricade"],"picked":"Limit Break","floor":33.0},{"not_picked":["Armaments","Body Slam+1"],"picked":"Pummel+1","floor":35},{"not_picked":["Anger","Feel No Pain"],"picked":"Rage+1","floor":36},{"not_picked":["Anger+1","Carnage+1"],"picked":"Clothesline+1","floor":39},{"not_picked":["Uppercut","Searing Blow"],"picked":"Double Tap","floor":40},{"not_picked":["Thunderclap","Cleave"],"picked":"Twin Strike+1","floor":42},{"not_picked":["Sword Boomerang+1","Clothesline+1"],"picked":"Flex+1","floor":44},{"not_picked":["Entrench","Sword Boomerang+1"],"picked":"Clash+1","floor":46},{"not_picked":["Clothesline+1","True Grit+1"],"picked":"Whirlwind+1","floor":49}],"player_experience":79335,"relics_obtained":[{"floor":6.0,"key":"Blood Vial"},{"floor":9.0,"key":"Red Skull"},{"floor":12.0,"key":"Bag of Preparation"},{"floor":20.0,"key":"Boot"},{"floor":23.0,"key":"Potion Belt"},{"floor":26.0,"key":"Dream Catcher"},{"floor":40,"key":"Centennial Puzzle"},{"floor":43,"key":"Molten Egg 2"}],"event_choices":[{"event_name":"Scrap Ooze","player_choice":"success","floor":3.0,"damage_taken":3.0},{"event_name":"Wheel of Change","player_choice":"Card Removal","floor":4.0,"damage_taken":0.0},{"event_name":"The Joust","player_choice":"Bet on Owner","floor":19.0,"damage_taken":0.0},{"event_name":"Falling","player_choice":"Removed Skill","floor":37,"damage_taken":0},{"event_name":"Tomb of Lord Red Mask","player_choice":"Paid","floor":48,"damage_taken":0}],"boss_relics":[{"not_picked":["Lizard Tail","Coffee Dripper"],"picked":"Astrolabe"},{"not_picked":["Philosopher\u0027s Stone","Busted Crown"],"picked":"Black Blood"}],"items_purged_floors":[38,41],"is_endless":false,"potions_floor_spawned":[6,14,23,27,29,31,33,35,46],"killed_by":"Donu and Deca","ascension_level":0}