{"gold_per_floor":[116,71,71,81,94,94,123,141,141,154,171,171,199,209,209,285,285,295,295,308,320,320,320,320],"floor_reached":24,"playtime":1553,"items_purged":[],"score":495,"play_id":"7257767a-4f7e-499a-acd0-3a974fa9b934","local_time":"20190202163121","is_ascension_mode":true,"campfire_choices":[{"data":"Streamline","floor":6,"key":"SMITH"},{"floor":12,"key":"REST"},{"data":"Zap","floor":15,"key":"SMITH"},{"data":"Seek","floor":23,"key":"SMITH"}],"neow_cost":"NONE","seed_source_timestamp":1361810463768660,"circlet_count":0,"master_deck":["AscendersBane","Defend_B","Defend_B","Defend_B","Defend_B+1","Zap+1","Dualcast","Rip and Tear","Streamline+1","Ball Lightning","Echo Form","Ball Lightning","Compile Driver","Cold Snap","Leap","Conserve Battery","Seek+1","Pain","Fusion","Reinforced Body","Bite","Bite","Bite","Bite","Bite"],"relics":["Cracked Core","Blue Candle","Question Card","The Courier","Snecko Eye","WarpedTongs"],"potions_floor_usage":[10,18,24],"damage_taken":[{"damage":4,"enemies":"Small Slimes","floor":1,"turns":3},{"damage":1,"enemies":"Cultist","floor":4,"turns":3},{"damage":12,"enemies":"Jaw Worm","floor":5,"turns":2},{"damage":8,"enemies":"Gremlin Nob","floor":7,"turns":3},{"damage":8,"enemies":"Blue Slaver","floor":8,"turns":3},{"damage":8,"enemies":"Gremlin Gang","floor":10,"turns":4},{"damage":7,"enemies":"3 Louse","floor":11,"turns":3},{"damage":0,"enemies":"Lagavulin","floor":13,"turns":4},{"damage":5,"enemies":"2 Fungi Beasts","floor":14,"turns":3},{"damage":22,"enemies":"Hexaghost","floor":16,"turns":9},{"damage":0,"enemies":"Chosen","floor":18,"turns":3},{"damage":6,"enemies":"Spheric Guardian","floor":20,"turns":4},{"damage":9,"enemies":"Snecko","floor":21,"turns":3},{"damage":54,"enemies":"Chosen and Byrds","floor":24,"turns":3}],"seed_played":"-7685299697671086477","potions_obtained":[{"floor":1,"key":"SteroidPotion"},{"floor":8,"key":"SkillPotion"},{"floor":14,"key":"AttackPotion"},{"floor":18,"key":"FearPotion"},{"floor":21,"key":"Block Potion"}],"is_trial":false,"path_per_floor":["M","$","?","M","M","R","E","M","T","M","M","R","E","M","R","B",null,"M","?","M","M","?","R","M"],"character_chosen":"DEFECT","items_purchased":["Rip and Tear"],"campfire_rested":1,"item_purchase_floors":[2],"current_hp_per_floor":[62,62,41,42,32,32,26,20,20,14,9,30,32,29,29,9,56,58,58,54,47,47,47,0],"gold":320,"neow_bonus":"RANDOM_COMMON_RELIC","is_prod":false,"is_daily":false,"chose_seed":false,"campfire_upgraded":3,"win_rate":0,"timestamp":1549153881,"path_taken":["M","$","?","M","M","R","E","M","T","M","M","R","E","M","R","BOSS","M","?","M","?","?","R","M"],"build_version":"2019-01-23","purchased_purges":0,"victory":false,"max_hp_per_floor":[71,71,71,71,71,71,71,71,71,71,71,71,71,71,71,71,71,71,71,71,71,71,71,71],"card_choices":[{"not_picked":["Conserve Battery","Gash","Leap"],"picked":"SKIP","floor":1},{"not_picked":["Redo","Beam Cell"],"picked":"Streamline","floor":4},{"not_picked":["Consume","Glacier"],"picked":"Ball Lightning","floor":5},{"not_picked":["Streamline","Ball Lightning"],"picked":"Echo Form","floor":7},{"not_picked":["Force Field","Sweeping Beam"],"picked":"Ball Lightning","floor":8},{"not_picked":["Stack","Storm","Fusion"],"picked":"Compile Driver","floor":10},{"not_picked":["Hello World","Sweeping Beam","Rebound"],"picked":"Cold Snap","floor":11},{"not_picked":["Melter","Cold Snap","Hologram"],"picked":"Leap","floor":13},{"not_picked":["Reprogram","Hologram","Turbo"],"picked":"Conserve Battery","floor":14},{"not_picked":["Reboot","Creative AI","All For One"],"picked":"Seek","floor":16},{"not_picked":["Stack","Sweeping Beam","Ball Lightning","Heatsinks"],"picked":"SKIP","floor":18},{"not_picked":["Force Field","Conserve Battery","Leap"],"picked":"Fusion","floor":20},{"not_picked":["Compile Driver","Gash","Conserve Battery"],"picked":"Reinforced Body","floor":21}],"player_experience":792744,"relics_obtained":[{"floor":7,"key":"Blue Candle"},{"floor":9,"key":"Question Card"},{"floor":13,"key":"The Courier"}],"event_choices":[{"damage_healed":0,"gold_gain":0,"player_choice":"Entered Light","damage_taken":21,"max_hp_gain":0,"max_hp_loss":0,"event_name":"Shining Light","floor":3,"gold_loss":0,"cards_upgraded":["Defend_B","Strike_B"]},{"damage_healed":0,"gold_gain":0,"player_choice":"Rummage","damage_taken":0,"relics_obtained":["WarpedTongs"],"max_hp_gain":0,"max_hp_loss":0,"event_name":"Accursed Blacksmith","floor":19,"gold_loss":0,"cards_obtained":["Pain"]},{"damage_healed":0,"gold_gain":0,"player_choice":"Became a vampire (Vial)","damage_taken":0,"max_hp_gain":0,"max_hp_loss":0,"event_name":"Vampires","floor":22,"relics_lost":["Blood Vial"],"gold_loss":0,"cards_obtained":["Bite","Bite","Bite","Bite","Bite"]}],"is_beta":false,"boss_relics":[{"not_picked":["Coffee Dripper","Empty Cage"],"picked":"Snecko Eye"}],"items_purged_floors":[],"is_endless":false,"potions_floor_spawned":[1,8,14,18,21],"killed_by":"Chosen and Byrds","ascension_level":20}