{"gold_per_floor":[359,371,389,50,62,62,92,106,159,175,175,186,186,186,186,285,285,303,213,213,213,22,22,48,67,122,122,156,174,207,223,223,321,321,338,391,20,32,46,80,80,112,135,153,153,163,163,163,163,163],"floor_reached":51,"playtime":3709,"items_purged":["Normality"],"score":1077,"play_id":"8d95c230-9490-45d3-b122-1d15a3608e30","local_time":"20181001162935","is_ascension_mode":true,"campfire_choices":[{"data":"Whirlwind","floor":6.0,"key":"SMITH"},{"floor":11.0,"key":"REST"},{"data":"Rage","floor":15.0,"key":"SMITH"},{"floor":23.0,"key":"REST"},{"data":"Armaments","floor":27.0,"key":"SMITH"},{"data":"Perfected Strike","floor":32.0,"key":"SMITH"},{"data":"True Grit","floor":41,"key":"SMITH"},{"data":"Perfected Strike","floor":45,"key":"SMITH"},{"data":"Bludgeon","floor":47,"key":"SMITH"},{"floor":49,"key":"REST"}],"neow_cost":"CURSE","seed_source_timestamp":842249533203119,"circlet_count":0,"master_deck":["Strike_R","Strike_R","Strike_R+1","Strike_R","Defend_R","Defend_R","Defend_R","Defend_R","Bash","Iron Wave","Warcry","Sword Boomerang","Whirlwind+1","Clothesline","True Grit+1","Rage+1","Entrench+1","Headbutt","Reaper","Body Slam","Necronomicurse","Armaments+1","Perfected Strike+1","Feed","Perfected Strike+1","Bludgeon+1","Inflame+1","Burning Pact+1","Juggernaut","Disarm","Pommel Strike","Twin Strike+1","Reaper","Rage+1","Ghostly Armor+1","Madness","Madness"],"special_seed":0,"relics":["Burning Blood","PreservedInsect","Juzu Bracelet","Bronze Scales","Pear","Velvet Choker","Necronomicon","Blood Vial","Chemical X","Bottled Lightning","Pen Nib","Lantern","Potion Belt","Cursed Key","Charon\u0027s Ashes","TheAbacus","Omamori","Turnip","Vajra"],"potions_floor_usage":[50,50,50,50],"damage_taken":[{"damage":3.0,"enemies":"2 Louse","floor":1.0,"turns":4.0},{"damage":9.0,"enemies":"Cultist","floor":2.0,"turns":6.0},{"damage":9.0,"enemies":"Jaw Worm","floor":3.0,"turns":5.0},{"damage":17.0,"enemies":"Lots of Slimes","floor":5.0,"turns":3.0},{"damage":45.0,"enemies":"Lagavulin","floor":7.0,"turns":7.0},{"damage":7.0,"enemies":"Blue Slaver","floor":8.0,"turns":4.0},{"damage":2.0,"enemies":"Exordium Wildlife","floor":10.0,"turns":3.0},{"damage":9.0,"enemies":"Red Slaver","floor":12.0,"turns":3.0},{"damage":49.0,"enemies":"The Guardian","floor":16.0,"turns":15.0},{"damage":23.0,"enemies":"Spheric Guardian","floor":18.0,"turns":4.0},{"damage":32.0,"enemies":"Slavers","floor":24.0,"turns":4.0},{"damage":0.0,"enemies":"Shell Parasite","floor":25.0,"turns":2.0},{"damage":39.0,"enemies":"Gremlin Leader","floor":28.0,"turns":3.0},{"damage":0.0,"enemies":"Centurion and Healer","floor":29.0,"turns":1.0},{"damage":24.0,"enemies":"Slavers","floor":30.0,"turns":5.0},{"damage":24.0,"enemies":"Snake Plant","floor":31.0,"turns":4.0},{"damage":77.0,"enemies":"Champ","floor":33.0,"turns":11.0},{"damage":0.0,"enemies":"Orb Walker","floor":35.0,"turns":2.0},{"damage":30.0,"enemies":"Mysterious Sphere","floor":36.0,"turns":4.0},{"damage":30,"enemies":"3 Darklings","floor":38,"turns":4},{"damage":14,"enemies":"Reptomancer","floor":39,"turns":3},{"damage":31,"enemies":"Giant Head","floor":40,"turns":6},{"damage":0,"enemies":"2 Orb Walkers","floor":42,"turns":1},{"damage":17,"enemies":"Sphere and 2 Shapes","floor":44,"turns":4},{"damage":22,"enemies":"4 Shapes","floor":46,"turns":4},{"damage":62,"enemies":"Time Eater","floor":50,"turns":7}],"seed_played":"4160289717769124188","potions_obtained":[{"floor":1.0,"key":"Explosive Potion"},{"floor":5.0,"key":"Fruit Juice"},{"floor":8.0,"key":"SpeedPotion"},{"floor":10.0,"key":"AttackPotion"},{"floor":16.0,"key":"SpeedPotion"},{"floor":18.0,"key":"EssenceOfSteel"},{"floor":24.0,"key":"Strength Potion"},{"floor":31.0,"key":"Explosive Potion"},{"floor":35.0,"key":"Swift Potion"},{"floor":39,"key":"Energy Potion"},{"floor":40,"key":"EssenceOfSteel"},{"floor":44,"key":"AttackPotion"}],"is_trial":false,"path_per_floor":["M","M","M","$","M","R","E","M","T","M","R","M","?","?","R","B",null,"M","?","?","?","$","R","E","M","T","R","E","M","E","M","R","B",null,"M","?","$","M","M","E","R","E","T","M","R","M","R","?","R","B"],"character_chosen":"IRONCLAD","items_purchased":["PreservedInsect","Whirlwind","Clothesline","Chemical X","Juggernaut","TheAbacus"],"campfire_rested":3,"item_purchase_floors":[4,4,4,22,37,37],"current_hp_per_floor":[75,72,69,69,63,63,24,23,23,27,52,49,59,59,59,16,75,58,58,42,42,42,70,69,77,77,77,60,68,76,73,73,16,78,98,86,86,106,98,84,84,92,92,98,98,93,93,79,109,53],"gold":163,"neow_bonus":"TWO_FIFTY_GOLD","is_prod":false,"is_daily":false,"chose_seed":false,"campfire_upgraded":7,"win_rate":0,"timestamp":1538425775,"path_taken":["M","M","M","$","M","R","E","M","T","M","R","M","?","?","R","BOSS","M","?","?","?","$","R","E","M","T","R","E","M","E","M","R","BOSS","M","?","$","M","M","E","R","E","T","M","R","M","R","?","R","BOSS"],"build_version":"2018-09-27","purchased_purges":1,"victory":true,"max_hp_per_floor":[80,80,80,80,85,85,85,85,85,85,85,85,95,95,95,95,95,95,95,95,95,95,95,95,95,95,95,95,95,95,99,99,99,99,103,106,106,106,106,106,106,106,106,109,109,109,109,109,109,109],"card_choices":[{"not_picked":["Rupture","Headbutt"],"picked":"Iron Wave","floor":1.0},{"not_picked":["Second Wind","Dual Wield"],"picked":"Warcry","floor":2.0},{"not_picked":["Wild Strike","Evolve"],"picked":"Sword Boomerang","floor":3.0},{"not_picked":["Clothesline","Blood for Blood"],"picked":"True Grit","floor":5.0},{"not_picked":["Clash","Flex","Corruption"],"picked":"SKIP","floor":7.0},{"not_picked":["Fire Breathing","Anger"],"picked":"Rage","floor":8.0},{"not_picked":["Clash","Havoc"],"picked":"Entrench","floor":10.0},{"not_picked":["Seeing Red","Clothesline"],"picked":"Headbutt","floor":12.0},{"not_picked":["Exhume","Fiend Fire"],"picked":"Reaper","floor":16.0},{"not_picked":["Evolve+1","Corruption+1"],"picked":"Body Slam","floor":18.0},{"not_picked":["Heavy Blade","Pummel"],"picked":"Armaments","floor":24.0},{"not_picked":["Heavy Blade+1","Iron Wave"],"picked":"Perfected Strike","floor":25.0},{"not_picked":["Twin Strike","Corruption"],"picked":"Feed","floor":28.0},{"not_picked":["Sword Boomerang","Sentinel","Clash+1"],"picked":"SKIP","floor":29.0},{"not_picked":["Anger","Heavy Blade"],"picked":"Perfected Strike","floor":30.0},{"not_picked":["Thunderclap","Clothesline","True Grit"],"picked":"SKIP","floor":31.0},{"not_picked":["Limit Break","Immolate"],"picked":"Bludgeon","floor":33.0},{"not_picked":["Thunderclap","Dual Wield+1"],"picked":"Inflame+1","floor":35.0},{"not_picked":["Heavy Blade+1","Power Through+1"],"picked":"Burning Pact+1","floor":36.0},{"not_picked":["Heavy Blade+1","Flex"],"picked":"Disarm","floor":38},{"not_picked":["Thunderclap+1","Shrug It Off"],"picked":"Pommel Strike","floor":39},{"not_picked":["Warcry","Havoc+1"],"picked":"Twin Strike+1","floor":40},{"not_picked":["Body Slam","Armaments+1"],"picked":"Reaper","floor":42},{"not_picked":["Power Through+1","Headbutt+1"],"picked":"Rage+1","floor":44},{"not_picked":["Thunderclap+1","Clothesline+1"],"picked":"Ghostly Armor+1","floor":46}],"player_experience":525516,"relics_obtained":[{"floor":7.0,"key":"Juzu Bracelet"},{"floor":9.0,"key":"Bronze Scales"},{"floor":20.0,"key":"Necronomicon"},{"floor":24.0,"key":"Bottled Lightning"},{"floor":26.0,"key":"Pen Nib"},{"floor":28.0,"key":"Lantern"},{"floor":30.0,"key":"Potion Belt"},{"floor":36.0,"key":"Charon\u0027s Ashes"},{"floor":40,"key":"Omamori"},{"floor":42,"key":"Turnip"},{"floor":43,"key":"Vajra"}],"event_choices":[{"event_name":"WeMeetAgain","player_choice":"Potion","floor":13.0,"damage_taken":0.0},{"event_name":"Upgrade Shrine","player_choice":"Upgraded","floor":14.0,"damage_taken":0.0},{"event_name":"Designer","player_choice":"Full Service","floor":19.0,"damage_taken":0.0},{"event_name":"Cursed Tome","player_choice":"Obtained Book","floor":20.0,"damage_taken":0.0},{"event_name":"The Mausoleum","player_choice":"Yes","floor":21.0,"damage_taken":0.0},{"event_name":"Mysterious Sphere","player_choice":"Fight","floor":36.0,"damage_taken":0.0},{"event_name":"Winding Halls","player_choice":"Embrace Madness","floor":48,"damage_taken":0}],"is_beta":false,"boss_relics":[{"not_picked":["Runic Dome","Runic Pyramid"],"picked":"Velvet Choker"},{"not_picked":["Black Star","Fusion Hammer"],"picked":"Cursed Key"}],"items_purged_floors":[4],"is_endless":false,"potions_floor_spawned":[1,5,8,10,16,18,24,28,31,35,39,40,44],"ascension_level":7}