{"gold_per_floor":[117,29,29,45,68,68,109,109,163,188,201,201,201,280,280,408,408,432,447,447,84,104,104],"floor_reached":23,"playtime":1820,"items_purged":["Thunderclap"],"score":191,"play_id":"c0bc0a20-c612-4f70-a3b4-33df25b2108f","local_time":"20181225200315","is_ascension_mode":false,"campfire_choices":[{"data":"Rage","floor":6,"key":"SMITH"},{"data":"Bash","floor":8,"key":"SMITH"},{"data":"Heavy Blade","floor":13,"key":"SMITH"},{"data":"Armaments","floor":15,"key":"SMITH"}],"neow_cost":"NONE","seed_source_timestamp":436262224918628,"circlet_count":0,"master_deck":["Strike_R","Strike_R","Strike_R","Strike_R","Strike_R","Defend_R","Defend_R","Defend_R","Defend_R","Bash+1","Rage+1","Dropkick","Armaments+1","Iron Wave","Inflame","Heavy Blade+1","Ghostly Armor","Thunderclap+1","Bloodletting","Seeing Red","Shrug It Off+1"],"relics":["Black Blood","Golden Idol","Red Skull","Bag of Marbles","Toxic Egg 2"],"potions_floor_usage":[16,18,23,23],"damage_taken":[{"damage":0,"enemies":"Cultist","floor":1,"turns":3},{"damage":3,"enemies":"Jaw Worm","floor":4,"turns":4},{"damage":8,"enemies":"2 Louse","floor":5,"turns":4},{"damage":31,"enemies":"Lagavulin","floor":7,"turns":8},{"damage":13,"enemies":"2 Fungi Beasts","floor":10,"turns":3},{"damage":0,"enemies":"3 Louse","floor":11,"turns":2},{"damage":21,"enemies":"The Guardian","floor":16,"turns":9},{"damage":24,"enemies":"3 Byrds","floor":18,"turns":8},{"damage":32,"enemies":"Spheric Guardian","floor":19,"turns":7},{"damage":19,"enemies":"Snake Plant","floor":22,"turns":5},{"damage":34,"enemies":"Slavers","floor":23,"turns":4}],"seed_played":"4173890357511235569","potions_obtained":[{"floor":7,"key":"SkillPotion"},{"floor":10,"key":"PowerPotion"},{"floor":11,"key":"Block Potion"},{"floor":19,"key":"Dexterity Potion"}],"is_trial":false,"path_per_floor":["M","$","?","M","M","R","E","R","T","M","M","?","R","?","R","B",null,"M","M","?","$","M","E"],"character_chosen":"IRONCLAD","items_purchased":["Dropkick","Armaments","Toxic Egg 2","Shrug It Off+1"],"campfire_rested":0,"item_purchase_floors":[2,2,21,21],"current_hp_per_floor":[80,80,74,74,72,72,47,47,47,40,46,51,51,51,51,36,79,65,43,43,43,34,0],"gold":104,"neow_bonus":"THREE_CARDS","is_prod":false,"is_daily":false,"chose_seed":false,"campfire_upgraded":4,"win_rate":0.0,"timestamp":1545796995,"path_taken":["M","$","?","M","M","R","E","R","T","M","M","?","R","?","R","BOSS","M","M","?","$","M","E"],"build_version":"2018-12-20","purchased_purges":1,"victory":false,"max_hp_per_floor":[80,80,74,74,74,74,74,74,74,74,74,79,79,79,79,79,79,79,79,79,79,79,79],"card_choices":[{"not_picked":["Dropkick","Shrug It Off"],"picked":"Rage","floor":0},{"not_picked":["Anger","Battle Trance"],"picked":"Thunderclap","floor":1},{"not_picked":["Headbutt","Warcry","True Grit"],"picked":"SKIP","floor":4},{"not_picked":["Pummel","Pommel Strike"],"picked":"Iron Wave","floor":5},{"not_picked":["Fiend Fire","Sword Boomerang"],"picked":"Inflame","floor":7},{"not_picked":["Iron Wave","Rage"],"picked":"Heavy Blade","floor":10},{"not_picked":["Anger","Clash"],"picked":"Ghostly Armor","floor":11},{"not_picked":["Pommel Strike","Flame Barrier"],"picked":"Thunderclap+1","floor":18},{"not_picked":["Cleave","Burning Pact+1"],"picked":"Bloodletting","floor":19},{"not_picked":["Twin Strike","Armaments+1","Sword Boomerang"],"picked":"SKIP","floor":22}],"player_experience":13822,"relics_obtained":[{"floor":7,"key":"Red Skull"},{"floor":9,"key":"Bag of Marbles"}],"event_choices":[{"damage_healed":0,"gold_gain":0,"player_choice":"Lose Max HP","damage_taken":0,"relics_obtained":["Golden Idol"],"max_hp_gain":0,"max_hp_loss":6,"event_name":"Golden Idol","floor":3,"gold_loss":0},{"damage_healed":0,"gold_gain":0,"player_choice":"Donut","damage_taken":0,"max_hp_gain":5,"max_hp_loss":0,"event_name":"Big Fish","floor":12,"gold_loss":0},{"damage_healed":0,"gold_gain":79,"player_choice":"Gained Gold","damage_taken":0,"max_hp_gain":0,"max_hp_loss":0,"event_name":"Golden Wing","floor":14,"gold_loss":0},{"damage_healed":0,"gold_gain":0,"player_choice":"Read","damage_taken":0,"max_hp_gain":0,"max_hp_loss":0,"event_name":"The Library","floor":20,"gold_loss":0,"cards_obtained":["Seeing Red"]}],"is_beta":false,"boss_relics":[{"not_picked":["Runic Pyramid","Mark of Pain"],"picked":"Black Blood"}],"items_purged_floors":[21],"is_endless":false,"potions_floor_spawned":[7,10,11,19],"killed_by":"Slavers","ascension_level":0}