{"gold_per_floor":[115,127,127,127,141,141,177,200,200,219,237,262,278,297,297,417,417,436,450,471,49,49,49,64,95,118,118,154,181,292,338,350,493,505,533,878,97,114,126,155,155,174,174,23,23,23,48,63,63,63],"floor_reached":51,"playtime":4795,"items_purged":["Clumsy","Regret"],"score":838,"play_id":"75f1a780-cba6-4c1b-8d76-a583a416f04d","local_time":"20180912145556","is_ascension_mode":true,"campfire_choices":[{"floor":6,"key":"REST"},{"floor":15,"key":"REST"},{"data":"Heavy Blade","floor":23,"key":"SMITH"},{"floor":27,"key":"REST"},{"floor":32,"key":"REST"},{"data":"Double Tap","floor":41,"key":"SMITH"},{"data":"Flame Barrier","floor":45,"key":"SMITH"},{"data":"Heavy Blade","floor":49,"key":"SMITH"}],"neow_cost":"PERCENT_DAMAGE","seed_source_timestamp":619835257219292,"circlet_count":0,"master_deck":["Strike_R+1","Strike_R+1","Strike_R+1","Strike_R+1","Strike_R+1","Defend_R+1","Defend_R+1","Defend_R+1","Defend_R+1","Bash","Inflame","Shockwave","Heavy Blade+1","Uppercut","Rupture","Flame Barrier+1","Warcry","Spot Weakness","Feed","Feed","Hemokinesis","Dual Wield","Shrug It Off","Rupture","Blood for Blood","True Grit+1","Power Through+1","Sword Boomerang","Warcry+1","Double Tap+1","Burning Pact","Flex","Reaper","Heavy Blade+1","Sword Boomerang","Sever Soul","Heavy Blade+1"],"relics":["Burning Blood","Peace Pipe","Bronze Scales","Pear","Centennial Puzzle","Cursed Key","Sling","Orichalcum","Boot","Strawberry","MawBank","Red Mask","Coffee Dripper","Meat on the Bone","TheAbacus","Paper Frog","Bottled Lightning","Ornamental Fan","Vajra"],"potions_floor_usage":[10,16,20,25,47,50,50,50],"damage_taken":[{"damage":1,"enemies":"Jaw Worm","floor":1,"turns":4},{"damage":11,"enemies":"2 Louse","floor":2,"turns":3},{"damage":5,"enemies":"Small Slimes","floor":5,"turns":3},{"damage":20,"enemies":"Gremlin Nob","floor":7,"turns":4},{"damage":5,"enemies":"Exordium Thugs","floor":8,"turns":4},{"damage":4,"enemies":"3 Louse","floor":10,"turns":2},{"damage":8,"enemies":"Exordium Wildlife","floor":11,"turns":4},{"damage":8,"enemies":"Gremlin Gang","floor":12,"turns":5},{"damage":8,"enemies":"Large Slime","floor":13,"turns":6},{"damage":4,"enemies":"Exordium Wildlife","floor":14,"turns":3},{"damage":59,"enemies":"The Guardian","floor":16,"turns":12},{"damage":17,"enemies":"Shell Parasite","floor":18,"turns":5},{"damage":0,"enemies":"3 Byrds","floor":19,"turns":2},{"damage":30,"enemies":"3 Cultists","floor":20,"turns":5},{"damage":3,"enemies":"Snecko","floor":24,"turns":6},{"damage":30,"enemies":"Book of Stabbing","floor":25,"turns":6},{"damage":27,"enemies":"Gremlin Leader","floor":28,"turns":6},{"damage":7,"enemies":"Chosen and Byrds","floor":29,"turns":5},{"damage":5,"enemies":"Masked Bandits","floor":31,"turns":4},{"damage":82,"enemies":"Collector","floor":33,"turns":13},{"damage":10,"enemies":"3 Shapes","floor":35,"turns":5},{"damage":7,"enemies":"Orb Walker","floor":38,"turns":3},{"damage":24,"enemies":"Maw","floor":39,"turns":6},{"damage":28,"enemies":"Giant Head","floor":40,"turns":8},{"damage":20,"enemies":"Sphere and 2 Shapes","floor":42,"turns":5},{"damage":3,"enemies":"2 Orb Walkers","floor":47,"turns":4},{"damage":3,"enemies":"4 Shapes","floor":48,"turns":8},{"damage":66,"enemies":"Time Eater","floor":50,"turns":10}],"seed_played":"-7018273787953472519","potions_obtained":[{"floor":5,"key":"Explosive Potion"},{"floor":8,"key":"Poison Potion"},{"floor":11,"key":"Strength Potion"},{"floor":13,"key":"Swift Potion"},{"floor":16,"key":"SpeedPotion"},{"floor":20,"key":"Block Potion"},{"floor":29,"key":"Ancient Potion"},{"floor":31,"key":"LiquidBronze"},{"floor":33,"key":"Explosive Potion"},{"floor":38,"key":"EssenceOfSteel"},{"floor":46,"key":"Block Potion"},{"floor":46,"key":"Regen Potion"},{"floor":47,"key":"Dexterity Potion"}],"is_trial":false,"path_per_floor":["M","M","?","?","M","R","E","M","T","M","M","M","M","M","R","B",null,"M","M","M","$","?","R","M","E","T","R","E","M","?","?","R","B",null,"M","?","$","M","M","E","R","M","T","$","R","?","E","M","R","B"],"character_chosen":"IRONCLAD","items_purchased":["Sling","Orichalcum","Rupture","Meat on the Bone","TheAbacus","Paper Frog","AttackPotion"],"campfire_rested":4,"item_purchase_floors":[21,21,21,37,37,37,44],"current_hp_per_floor":[61,56,36,29,30,54,50,51,51,53,51,49,47,49,76,23,90,79,85,70,70,70,70,73,52,59,91,73,75,75,76,110,37,118,120,120,120,122,104,82,82,83,83,83,83,83,113,122,122,86],"gold":63,"neow_bonus":"ONE_RARE_RELIC","is_prod":false,"is_daily":false,"chose_seed":false,"campfire_upgraded":4,"win_rate":0,"timestamp":1536778556,"path_taken":["M","M","?","?","M","R","E","M","T","M","M","M","M","M","R","BOSS","M","M","M","$","?","R","M","E","T","R","E","M","?","?","R","BOSS","M","?","$","M","?","E","R","M","T","?","R","?","E","M","R","BOSS"],"build_version":"2018-09-06","purchased_purges":2,"victory":true,"max_hp_per_floor":[80,80,80,80,80,80,90,90,90,90,90,90,90,90,90,90,90,90,90,99,99,99,99,99,102,109,109,112,115,115,115,115,118,118,124,124,124,127,127,127,127,130,130,130,130,130,130,136,136,136],"card_choices":[{"not_picked":["Heavy Blade","Rampage"],"picked":"Inflame","floor":1},{"not_picked":["Anger","Havoc","Bloodletting"],"picked":"SKIP","floor":2},{"not_picked":["Warcry","Twin Strike"],"picked":"Shockwave","floor":5},{"not_picked":["Sword Boomerang","Body Slam"],"picked":"Heavy Blade","floor":7},{"not_picked":["Fire Breathing","Clothesline"],"picked":"Uppercut","floor":8},{"not_picked":["Cleave","Power Through"],"picked":"Rupture","floor":10},{"not_picked":["True Grit","Intimidate"],"picked":"Flame Barrier","floor":11},{"not_picked":["True Grit","Havoc"],"picked":"Warcry","floor":12},{"not_picked":["Pommel Strike","Metallicize"],"picked":"Spot Weakness","floor":13},{"not_picked":["Iron Wave","Rampage"],"picked":"Feed","floor":14},{"not_picked":["Immolate","Barricade"],"picked":"Feed","floor":16},{"not_picked":["Perfected Strike","Twin Strike"],"picked":"Hemokinesis","floor":18},{"not_picked":["Pommel Strike","Thunderclap+1"],"picked":"Dual Wield","floor":19},{"not_picked":["Wild Strike","Warcry"],"picked":"Shrug It Off","floor":20},{"not_picked":["Cleave","Shrug It Off"],"picked":"Blood for Blood","floor":24},{"not_picked":["Anger+1","Shrug It Off"],"picked":"True Grit+1","floor":25},{"not_picked":["Shockwave","Blood for Blood"],"picked":"Power Through+1","floor":28},{"not_picked":["Shrug It Off","Rupture"],"picked":"Sword Boomerang","floor":29},{"not_picked":["Entrench","Iron Wave"],"picked":"Warcry+1","floor":31},{"not_picked":["Fiend Fire","Juggernaut"],"picked":"Double Tap","floor":33},{"not_picked":["Fire Breathing","Ghostly Armor+1"],"picked":"Burning Pact","floor":35},{"not_picked":["Havoc+1","Clothesline"],"picked":"Flex","floor":38},{"not_picked":["Fire Breathing","Iron Wave"],"picked":"Reaper","floor":39},{"not_picked":["Sever Soul+1","Flame Barrier"],"picked":"Heavy Blade+1","floor":40},{"not_picked":["Uppercut+1","Armaments+1"],"picked":"Sword Boomerang","floor":42},{"not_picked":["Feed","Fire Breathing+1"],"picked":"Sever Soul","floor":47},{"not_picked":["Iron Wave+1","Anger+1"],"picked":"Heavy Blade","floor":48}],"player_experience":345644,"relics_obtained":[{"floor":7,"key":"Pear"},{"floor":9,"key":"Centennial Puzzle"},{"floor":25,"key":"Boot"},{"floor":26,"key":"Strawberry"},{"floor":28,"key":"MawBank"},{"floor":31,"key":"Red Mask"},{"floor":40,"key":"Bottled Lightning"},{"floor":43,"key":"Ornamental Fan"},{"floor":47,"key":"Vajra"}],"event_choices":[{"event_name":"Golden Idol","player_choice":"Take Damage","floor":3,"damage_taken":0},{"event_name":"Scrap Ooze","player_choice":"success","floor":4,"damage_taken":7},{"event_name":"Back to Basics","player_choice":"Simplicity","floor":22,"damage_taken":0},{"event_name":"Nest","player_choice":"Stole From Cult","floor":30,"damage_taken":0},{"event_name":"Masked Bandits","player_choice":"Fought Bandits","floor":31,"damage_taken":0},{"event_name":"The Moai Head","player_choice":"Gave Idol","floor":36,"damage_taken":0},{"event_name":"The Lab","player_choice":"Got Potions","floor":46,"damage_taken":0}],"is_beta":false,"boss_relics":[{"not_picked":["Empty Cage","Runic Pyramid"],"picked":"Cursed Key"},{"not_picked":["Lizard Tail","Velvet Choker"],"picked":"Coffee Dripper"}],"items_purged_floors":[37,44],"is_endless":false,"potions_floor_spawned":[5,8,11,13,16,20,29,31,33,38,39,47],"ascension_level":1}