{"gold_per_floor":[212,12,12,12,12,12,40,62,74,113,125,137,179,201,213,225],"floor_reached":16,"playtime":394,"items_purged":[],"score":170,"play_id":"1819047c-3610-4c36-bc95-ad64e2852094","local_time":"20190130005217","is_ascension_mode":true,"campfire_choices":[{"data":"Bash","floor":6,"key":"SMITH"},{"floor":12,"key":"REST"},{"data":"Infernal Blade","floor":15,"key":"SMITH"}],"neow_cost":"NONE","seed_source_timestamp":948599481262402,"circlet_count":0,"master_deck":["AscendersBane","Strike_R","Strike_R","Strike_R","Strike_R","Strike_R","Defend_R","Defend_R","Defend_R","Defend_R","Bash+1","Intimidate+1","Shrug It Off","Dropkick","Infernal Blade+1","Dropkick"],"relics":["Burning Blood","Chemical X","Bag of Marbles","MawBank","Bag of Preparation","Strawberry","Lantern"],"potions_floor_usage":[16],"damage_taken":[{"damage":3,"enemies":"Jaw Worm","floor":1,"turns":5},{"damage":47,"enemies":"Lagavulin","floor":7,"turns":8},{"damage":3,"enemies":"2 Louse","floor":8,"turns":4},{"damage":20,"enemies":"Gremlin Nob","floor":13,"turns":4},{"damage":0,"enemies":"Cultist","floor":14,"turns":2},{"damage":71,"enemies":"Slime Boss","floor":16,"turns":8}],"seed_played":"-6964096887949117816","potions_obtained":[{"floor":7,"key":"Weak Potion"},{"floor":8,"key":"PowerPotion"}],"is_trial":false,"path_per_floor":["M","$","?","?","?","R","E","M","T","T","$","R","E","M","R","B"],"character_chosen":"IRONCLAD","items_purchased":["Chemical X"],"campfire_rested":1,"item_purchase_floors":[2],"current_hp_per_floor":[75,75,75,75,72,72,31,34,34,41,41,67,53,59,59,0],"gold":225,"neow_bonus":"HUNDRED_GOLD","is_prod":false,"is_daily":false,"chose_seed":false,"campfire_upgraded":2,"win_rate":0,"timestamp":1548827537,"path_taken":["M","$","?","?","?","R","E","?","T","?","?","R","E","M","R","BOSS"],"build_version":"2019-01-23","purchased_purges":0,"victory":false,"max_hp_per_floor":[80,80,80,80,80,80,80,80,80,87,87,87,87,87,87,87],"card_choices":[{"not_picked":["Havoc","Wild Strike"],"picked":"Intimidate","floor":1},{"not_picked":["Armaments","Metallicize"],"picked":"Shrug It Off","floor":7},{"not_picked":["Body Slam","Cleave"],"picked":"Dropkick","floor":8},{"not_picked":["Rage","True Grit"],"picked":"Infernal Blade","floor":13},{"not_picked":["Combust","Warcry"],"picked":"Dropkick","floor":14}],"player_experience":568933,"relics_obtained":[{"floor":7,"key":"MawBank"},{"floor":9,"key":"Bag of Preparation"},{"floor":10,"key":"Strawberry"},{"floor":13,"key":"Lantern"}],"event_choices":[{"damage_healed":0,"gold_gain":0,"player_choice":"Grow","damage_taken":0,"max_hp_gain":0,"max_hp_loss":0,"event_name":"Living Wall","floor":3,"gold_loss":0,"cards_upgraded":["Intimidate"]},{"damage_healed":0,"gold_gain":0,"player_choice":"Ignored","damage_taken":0,"max_hp_gain":0,"max_hp_loss":0,"event_name":"Golden Wing","floor":4,"gold_loss":0},{"damage_healed":0,"gold_gain":0,"player_choice":"Success","damage_taken":3,"relics_obtained":["Bag of Marbles"],"max_hp_gain":0,"max_hp_loss":0,"event_name":"Scrap Ooze","floor":5,"gold_loss":0}],"is_beta":true,"boss_relics":[],"items_purged_floors":[],"is_endless":false,"potions_floor_spawned":[7,8,14],"killed_by":"Slime Boss","ascension_level":12}