{"gold_per_floor":[211,224,69,84,101,101,111,144,144,144,144,172,206,222,222,293,293,304,304,304,281,297,297,311,328,328,428,457,457,457,492,492,564,564,579,68,0,50,64,64,91,91,91,91,107,126,126,126,126,126,126],"floor_reached":52,"playtime":3243,"items_purged":["Strike_G"],"score":1910,"play_id":"9e2d5b32-700a-42b6-8b67-fc9e9cbcdbea","local_time":"20190212203411","is_ascension_mode":true,"campfire_choices":[{"data":"Quick Slash","floor":6.0,"key":"SMITH"},{"data":"Poisoned Stab","floor":11.0,"key":"SMITH"},{"data":"Footwork","floor":15.0,"key":"SMITH"},{"floor":23.0,"key":"REST"},{"data":"Wraith Form v2","floor":29.0,"key":"SMITH"},{"data":"Ghostly","floor":32.0,"key":"SMITH"},{"data":"Envenom","floor":40.0,"key":"SMITH"},{"data":"Ghostly","floor":42.0,"key":"SMITH"},{"floor":44.0,"key":"RECALL"},{"data":"Noxious Fumes","floor":47.0,"key":"SMITH"},{"data":"Backflip","floor":49,"key":"SMITH"}],"neow_cost":"NONE","seed_source_timestamp":2820483669587521,"circlet_count":0,"master_deck":["AscendersBane","Defend_G","Defend_G","Defend_G","Defend_G","Defend_G","Survivor","Neutralize","Infinite Blades","Dagger Spray","Well Laid Plans","Well Laid Plans","Quick Slash+1","Footwork+1","Poisoned Stab+1","Dash","Poisoned Stab","Dodge and Roll","Envenom+1","Ghostly+1","Ghostly+1","Ghostly","Dodge and Roll","Noxious Fumes+1","Backflip+1","Leg Sweep","PiercingWail+1","Wraith Form v2+1","Noxious Fumes+1","Tools of the Trade+1","Endless Agony+1","Setup+1","Acrobatics","PiercingWail","PiercingWail+1"],"special_seed":0,"relics":["Ring of the Snake","Oddly Smooth Stone","Blood Vial","Odd Mushroom","Snake Skull","Philosopher\u0027s Stone","Meat on the Bone","Unceasing Top","Bottled Flame","Shuriken","The Courier","Smiling Mask","Astrolabe","Kunai","Strange Spoon","Red Mask","The Specimen","Bird Faced Urn"],"potions_floor_usage":[51],"damage_taken":[{"damage":0.0,"enemies":"Cultist","floor":1.0,"turns":4.0},{"damage":4.0,"enemies":"2 Louse","floor":2.0,"turns":4.0},{"damage":1.0,"enemies":"Jaw Worm","floor":4.0,"turns":4.0},{"damage":7.0,"enemies":"Looter","floor":5.0,"turns":4.0},{"damage":9.0,"enemies":"Exordium Wildlife","floor":7.0,"turns":6.0},{"damage":10.0,"enemies":"3 Sentries","floor":8.0,"turns":6.0},{"damage":17.0,"enemies":"The Mushroom Lair","floor":12.0,"turns":4.0},{"damage":11.0,"enemies":"Lagavulin","floor":13.0,"turns":8.0},{"damage":0.0,"enemies":"Red Slaver","floor":14.0,"turns":4.0},{"damage":17.0,"enemies":"Hexaghost","floor":16.0,"turns":10.0},{"damage":42.0,"enemies":"3 Byrds","floor":18.0,"turns":7.0},{"damage":10.0,"enemies":"2 Thieves","floor":21.0,"turns":4.0},{"damage":0.0,"enemies":"Snake Plant","floor":22.0,"turns":6.0},{"damage":0.0,"enemies":"Centurion and Healer","floor":24.0,"turns":7.0},{"damage":1.0,"enemies":"3 Cultists","floor":25.0,"turns":5.0},{"damage":2.0,"enemies":"Colosseum Slavers","floor":27.0,"turns":5.0},{"damage":26.0,"enemies":"Colosseum Nobs","floor":27.0,"turns":6.0},{"damage":1.0,"enemies":"Book of Stabbing","floor":28.0,"turns":7.0},{"damage":0.0,"enemies":"Gremlin Leader","floor":31.0,"turns":6.0},{"damage":18.0,"enemies":"Champ","floor":33.0,"turns":12.0},{"damage":1.0,"enemies":"3 Shapes","floor":35.0,"turns":4.0},{"damage":0.0,"enemies":"Orb Walker","floor":39.0,"turns":6.0},{"damage":3.0,"enemies":"Nemesis","floor":41.0,"turns":8.0},{"damage":0.0,"enemies":"Writhing Mass","floor":45.0,"turns":9.0},{"damage":11.0,"enemies":"Spire Growth","floor":46.0,"turns":7.0},{"damage":21,"enemies":"Time Eater","floor":50,"turns":16},{"damage":2,"enemies":"Donu and Deca","floor":51,"turns":12}],"seed_played":"-7900756041465393564","potions_obtained":[{"floor":1.0,"key":"Energy Potion"},{"floor":4.0,"key":"Regen Potion"},{"floor":7.0,"key":"Strength Potion"},{"floor":14.0,"key":"Fruit Juice"},{"floor":21.0,"key":"AttackPotion"},{"floor":22.0,"key":"Explosive Potion"},{"floor":28.0,"key":"SpeedPotion"},{"floor":46.0,"key":"SteroidPotion"}],"is_trial":false,"path_per_floor":["M","M","$","M","M","R","M","E","T","?","R","?","E","M","R","B",null,"M","?","?","M","M","R","M","M","T","?","E","R","T","E","R","B",null,"M","$","?","?","M","R","E","R","T","R","M","M","R","?","R","B","B",null],"character_chosen":"THE_SILENT","items_purchased":["Well Laid Plans","Kunai","Strange Spoon","Fruit Juice","PiercingWail"],"campfire_rested":1,"item_purchase_floors":[3,36,36,36,36],"current_hp_per_floor":[59,55,55,54,47,47,53,43,43,43,43,28,19,26,26,11,56,16,16,9,1,3,15,17,18,18,18,31,31,31,33,33,29,37,38,43,43,43,45,45,42,42,42,42,45,42,42,42,42,34,45],"gold":126,"neow_bonus":"HUNDRED_GOLD","is_prod":false,"is_daily":false,"chose_seed":false,"campfire_upgraded":9,"win_rate":0,"timestamp":1550000051,"path_taken":["M","M","?","M","M","R","M","E","T","?","R","?","E","M","R","BOSS","M","?","?","M","M","R","M","M","T","?","E","R","?","E","R","BOSS","M","$","?","?","M","R","E","R","T","R","?","?","R","?","R","BOSS","BOSS"],"build_version":"2019-02-06","purchased_purges":1,"victory":true,"max_hp_per_floor":[66,66,66,66,66,66,66,66,66,66,66,66,66,71,71,71,71,71,35,40,40,40,40,40,40,40,40,40,40,40,40,40,40,40,40,45,45,45,45,45,45,45,45,45,45,45,45,45,45,45,45],"card_choices":[{"not_picked":["Tactician","Blur","Infinite Blades"],"picked":"SKIP","floor":1.0},{"not_picked":["Tactician","Blur"],"picked":"Infinite Blades","floor":1.0},{"not_picked":["Accuracy","Sucker Punch"],"picked":"Dagger Spray","floor":2.0},{"not_picked":["Heel Hook","Prepared"],"picked":"Well Laid Plans","floor":4.0},{"not_picked":["Deflect","Flying Knee"],"picked":"Quick Slash","floor":5.0},{"not_picked":["Bouncing Flask","Reflex"],"picked":"Footwork","floor":7.0},{"not_picked":["Backflip","Underhanded Strike"],"picked":"Poisoned Stab","floor":8.0},{"not_picked":["Grand Finale","Blade Dance"],"picked":"Dash","floor":12.0},{"not_picked":["Sucker Punch","Predator"],"picked":"Poisoned Stab","floor":13.0},{"not_picked":["Tactician","Quick Slash"],"picked":"Dodge and Roll","floor":14.0},{"not_picked":["Grand Finale","Wraith Form v2"],"picked":"Envenom","floor":16.0},{"not_picked":["Sucker Punch","Dagger Throw+1","All Out Attack"],"picked":"SKIP","floor":18.0},{"not_picked":["Sucker Punch","Dagger Throw+1","All Out Attack"],"picked":"SKIP","floor":18.0},{"not_picked":["All Out Attack","Cloak And Dagger"],"picked":"Dodge and Roll","floor":21.0},{"not_picked":["Poisoned Stab+1","Backstab"],"picked":"Noxious Fumes","floor":22.0},{"not_picked":["Bane","Blade Dance"],"picked":"Backflip","floor":24.0},{"not_picked":["Envenom","Dagger Spray"],"picked":"Leg Sweep","floor":25.0},{"not_picked":["Distraction","Dagger Throw+1"],"picked":"PiercingWail+1","floor":27.0},{"not_picked":["Cloak And Dagger","Poisoned Stab"],"picked":"Wraith Form v2","floor":28.0},{"not_picked":["Skewer+1","Crippling Poison"],"picked":"Noxious Fumes+1","floor":31.0},{"not_picked":["Endless Agony","Dagger Spray"],"picked":"Acrobatics","floor":35.0},{"not_picked":["Finisher","Blur","Heel Hook+1"],"picked":"SKIP","floor":39.0},{"not_picked":["Finisher","Blur","Heel Hook+1"],"picked":"SKIP","floor":39.0},{"not_picked":["Cloak And Dagger","Crippling Poison+1"],"picked":"PiercingWail+1","floor":41.0},{"not_picked":["Deflect+1","Bouncing Flask+1","Prepared+1"],"picked":"SKIP","floor":45.0},{"not_picked":["Acrobatics","PiercingWail","Blade Dance"],"picked":"SKIP","floor":46.0}],"player_experience":2981480,"relics_obtained":[{"floor":8.0,"key":"Oddly Smooth Stone"},{"floor":9.0,"key":"Blood Vial"},{"floor":12.0,"key":"Odd Mushroom"},{"floor":13.0,"key":"Snake Skull"},{"floor":26.0,"key":"Meat on the Bone"},{"floor":27.0,"key":"Unceasing Top"},{"floor":27.0,"key":"Bottled Flame"},{"floor":28.0,"key":"Shuriken"},{"floor":30.0,"key":"The Courier"},{"floor":31.0,"key":"Smiling Mask"},{"floor":41.0,"key":"The Specimen"},{"floor":43.0,"key":"Bird Faced Urn"}],"event_choices":[{"cards_removed":["Strike_G"],"damage_healed":0.0,"max_hp_gain":0.0,"max_hp_loss":0.0,"gold_gain":0.0,"event_name":"Living Wall","player_choice":"Forget","floor":10.0,"gold_loss":0.0,"damage_taken":0.0},{"damage_healed":0.0,"max_hp_gain":0.0,"max_hp_loss":0.0,"gold_gain":0.0,"event_name":"Mushrooms","player_choice":"Fought Mushrooms","floor":12.0,"gold_loss":0.0,"damage_taken":0.0},{"damage_healed":0.0,"max_hp_gain":0.0,"max_hp_loss":36.0,"gold_gain":0.0,"event_name":"Ghosts","player_choice":"Became a Ghost","floor":19.0,"gold_loss":0.0,"damage_taken":0.0,"cards_obtained":["Ghostly","Ghostly","Ghostly"]},{"damage_healed":0.0,"max_hp_gain":5.0,"max_hp_loss":0.0,"gold_gain":0.0,"event_name":"Forgotten Altar","player_choice":"Shed Blood","floor":20.0,"gold_loss":0.0,"damage_taken":12.0},{"damage_healed":0.0,"max_hp_gain":0.0,"max_hp_loss":0.0,"gold_gain":0.0,"event_name":"Colosseum","player_choice":"Fight","floor":27.0,"gold_loss":0.0,"damage_taken":0.0},{"damage_healed":0.0,"max_hp_gain":0.0,"max_hp_loss":0.0,"gold_gain":0.0,"event_name":"Colosseum","player_choice":"Fought Nobs","floor":27.0,"gold_loss":0.0,"damage_taken":0.0},{"damage_healed":0.0,"max_hp_gain":0.0,"max_hp_loss":0.0,"gold_gain":0.0,"event_name":"Tomb of Lord Red Mask","player_choice":"Paid","floor":37.0,"gold_loss":68.0,"damage_taken":0.0,"relics_obtained":["Red Mask"]},{"damage_healed":0.0,"max_hp_gain":0.0,"max_hp_loss":0.0,"gold_gain":50.0,"event_name":"Golden Shrine","player_choice":"Pray","floor":38.0,"gold_loss":0.0,"damage_taken":0.0},{"damage_healed":0,"gold_gain":0,"player_choice":"Ignored","damage_taken":0,"max_hp_gain":0,"max_hp_loss":0,"event_name":"Mysterious Sphere","floor":48,"gold_loss":0}],"is_beta":true,"boss_relics":[{"not_picked":["Black Star","Busted Crown"],"picked":"Philosopher\u0027s Stone"},{"not_picked":["Fusion Hammer","Empty Cage"],"picked":"Astrolabe"}],"items_purged_floors":[3],"is_endless":false,"potions_floor_spawned":[1,4,7,14,21,22,27,28,46],"ascension_level":20}