{"gold_per_floor":[119,134,152,164,178,210,210,244,269,269,234,266,278,292,292,388,388,406,406,29,39,39],"floor_reached":22,"playtime":1664,"items_purged":["Strike_G"],"score":218,"play_id":"47012cc5-97bc-4d20-966d-c292aeca7187","local_time":"20190125001903","is_ascension_mode":true,"campfire_choices":[{"floor":7,"key":"REST"},{"floor":15,"key":"REST"}],"neow_cost":"NONE","seed_source_timestamp":976338164817948,"circlet_count":0,"master_deck":["Defend_G","Defend_G","Defend_G","Defend_G","Defend_G","Strike_G","Strike_G","Strike_G","Strike_G","Survivor","Neutralize","Night Terror","Prepared","Cloak And Dagger","Terror","Underhanded Strike","Calculated Gamble","Distraction","Adrenaline","Parasite","Blade Dance","Expertise","Outmaneuver","A Thousand Cuts","Reflex","Infinite Blades","Master of Strategy","Backstab"],"relics":["Ring of the Snake","Potion Belt","Ginger","Vajra","Blood Vial","Black Star"],"potions_floor_usage":[6,8,18,21],"damage_taken":[{"damage":5,"enemies":"Jaw Worm","floor":1,"turns":5},{"damage":3,"enemies":"2 Louse","floor":2,"turns":4},{"damage":0,"enemies":"Cultist","floor":3,"turns":3},{"damage":18,"enemies":"Lots of Slimes","floor":4,"turns":6},{"damage":3,"enemies":"2 Fungi Beasts","floor":5,"turns":4},{"damage":10,"enemies":"Lagavulin","floor":6,"turns":6},{"damage":36,"enemies":"Gremlin Nob","floor":8,"turns":5},{"damage":15,"enemies":"Lagavulin","floor":12,"turns":8},{"damage":6,"enemies":"Exordium Wildlife","floor":13,"turns":5},{"damage":0,"enemies":"3 Louse","floor":14,"turns":4},{"damage":53,"enemies":"Hexaghost","floor":16,"turns":16},{"damage":22,"enemies":"Chosen","floor":18,"turns":9},{"damage":33,"enemies":"3 Byrds","floor":21,"turns":5},{"damage":29,"enemies":"Snake Plant","floor":22,"turns":3}],"seed_played":"-6584953450428990365","potions_obtained":[{"floor":3,"key":"Explosive Potion"},{"floor":4,"key":"AttackPotion"},{"floor":5,"key":"SpeedPotion"},{"floor":8,"key":"Energy Potion"},{"floor":13,"key":"Ancient Potion"},{"floor":16,"key":"EssenceOfSteel"}],"is_trial":false,"path_per_floor":["M","M","M","M","M","E","R","E","T","?","?","E","M","M","R","B",null,"M","?","$","M","M"],"character_chosen":"THE_SILENT","items_purchased":["Infinite Blades","Master of Strategy","FairyPotion"],"campfire_rested":2,"item_purchase_floors":[20,20,20],"current_hp_per_floor":[65,62,62,44,41,31,52,16,16,33,50,35,31,33,54,3,70,48,48,48,17,0],"gold":39,"neow_bonus":"ONE_RANDOM_RARE_CARD","is_prod":false,"is_daily":false,"chose_seed":false,"campfire_upgraded":0,"win_rate":0,"timestamp":1548393543,"path_taken":["M","M","M","M","M","E","R","E","T","?","?","E","M","M","R","BOSS","M","?","$","?","?"],"build_version":"2019-01-23","purchased_purges":1,"victory":false,"max_hp_per_floor":[70,70,70,70,70,70,70,70,70,70,70,70,70,70,70,70,70,70,70,70,70,70],"card_choices":[{"not_picked":["Bouncing Flask","Footwork"],"picked":"Prepared","floor":1},{"not_picked":["Blur","Expertise"],"picked":"Cloak And Dagger","floor":2},{"not_picked":["Bouncing Flask","Blur"],"picked":"Terror","floor":3},{"not_picked":["Acrobatics","Prepared"],"picked":"Underhanded Strike","floor":4},{"not_picked":["Flying Knee","Well Laid Plans"],"picked":"Calculated Gamble","floor":5},{"not_picked":["Blur","Well Laid Plans"],"picked":"Distraction","floor":6},{"not_picked":["Deadly Poison","Dodge and Roll"],"picked":"Adrenaline","floor":8},{"not_picked":["Riddle With Holes","Terror"],"picked":"Blade Dance","floor":12},{"not_picked":["Sucker Punch","Flying Knee"],"picked":"Expertise","floor":13},{"not_picked":["Bullet Time","Deflect"],"picked":"Outmaneuver","floor":14},{"not_picked":["Malaise","Burst"],"picked":"A Thousand Cuts","floor":16},{"not_picked":["Deflect","Flechettes"],"picked":"Reflex","floor":18},{"not_picked":["Deflect","Dash"],"picked":"Backstab","floor":21}],"player_experience":90086,"relics_obtained":[{"floor":6,"key":"Potion Belt"},{"floor":8,"key":"Ginger"},{"floor":9,"key":"Vajra"},{"floor":12,"key":"Blood Vial"}],"event_choices":[{"damage_healed":17,"gold_gain":0,"player_choice":"Healed and dodged fight","damage_taken":0,"max_hp_gain":0,"max_hp_loss":0,"event_name":"Mushrooms","floor":10,"gold_loss":0,"cards_obtained":["Parasite"]},{"damage_healed":17,"gold_gain":0,"player_choice":"Healed","damage_taken":0,"max_hp_gain":0,"max_hp_loss":0,"event_name":"The Cleric","floor":11,"gold_loss":35},{"damage_healed":0,"gold_gain":0,"player_choice":"Bought 0 Potions","damage_taken":0,"max_hp_gain":0,"max_hp_loss":0,"event_name":"The Woman in Blue","floor":19,"gold_loss":0}],"is_beta":false,"boss_relics":[{"not_picked":["Ectoplasm","Runic Dome"],"picked":"Black Star"}],"items_purged_floors":[20],"is_endless":false,"potions_floor_spawned":[3,4,5,8,13,16],"killed_by":"Snake Plant","ascension_level":1}