{"gold_per_floor":[109,109,125,125,137,169,182,201,255,255,430,448,463,493,493,493],"floor_reached":16,"playtime":2116,"items_purged":[],"score":114,"play_id":"c261ccfc-5557-4a34-a7d0-f0d7aa3af6c2","local_time":"20181104214931","is_ascension_mode":false,"campfire_choices":[{"data":"Zap","floor":10,"key":"SMITH"},{"floor":15,"key":"REST"}],"neow_cost":"NONE","seed_source_timestamp":604058515866999,"circlet_count":0,"master_deck":["Strike_B","Strike_B","Strike_B","Strike_B","Defend_B","Defend_B","Defend_B","Defend_B","Zap+1","Dualcast","Defragment","Sweeping Beam","Melter","Seek","Echo Form","Doubt","Beam Cell","Beam Cell","Redo","Doom and Gloom"],"relics":["Cracked Core","Happy Flower","Centennial Puzzle","Darkstone Periapt","Potion Belt","Dream Catcher"],"potions_floor_usage":[6,6,16],"damage_taken":[{"damage":1,"enemies":"Jaw Worm","floor":1,"turns":3},{"damage":2,"enemies":"Small Slimes","floor":3,"turns":4},{"damage":7,"enemies":"2 Louse","floor":5,"turns":2},{"damage":3,"enemies":"Gremlin Nob","floor":6,"turns":3},{"damage":5,"enemies":"Red Slaver","floor":7,"turns":4},{"damage":4,"enemies":"2 Fungi Beasts","floor":8,"turns":3},{"damage":0,"enemies":"3 Louse","floor":12,"turns":2},{"damage":0,"enemies":"Large Slime","floor":13,"turns":4},{"damage":28,"enemies":"3 Sentries","floor":14,"turns":6},{"damage":55,"enemies":"The Guardian","floor":16,"turns":6}],"seed_played":"5335543752346599421","potions_obtained":[{"floor":1,"key":"Strength Potion"},{"floor":3,"key":"Explosive Potion"},{"floor":5,"key":"Explosive Potion"},{"floor":12,"key":"LiquidBronze"}],"is_trial":false,"path_per_floor":["M","?","M","?","M","E","M","M","T","R","?","M","M","E","R","B"],"character_chosen":"DEFECT","items_purchased":[],"campfire_rested":1,"item_purchase_floors":[],"current_hp_per_floor":[74,74,72,65,58,55,50,46,46,46,52,52,52,24,48,0],"gold":493,"neow_bonus":"RANDOM_COMMON_RELIC","is_prod":false,"is_daily":false,"chose_seed":false,"campfire_upgraded":1,"win_rate":0.0,"timestamp":1541386171,"path_taken":["M","?","M","?","M","E","M","M","T","R","?","M","M","E","R","BOSS"],"build_version":"2018-11-01","purchased_purges":0,"victory":false,"max_hp_per_floor":[75,75,75,75,75,75,75,75,75,75,81,81,81,81,81,81],"card_choices":[{"not_picked":["Auto Shields","Leap"],"picked":"Defragment","floor":1},{"not_picked":["Cold Snap","Hologram"],"picked":"Sweeping Beam","floor":3},{"not_picked":["Redo","Hologram"],"picked":"Melter","floor":5},{"not_picked":["BootSequence","Gash"],"picked":"Seek","floor":6},{"not_picked":["Reinforced Body","Barrage","Auto Shields"],"picked":"SKIP","floor":7},{"not_picked":["Gash","Barrage"],"picked":"Echo Form","floor":8},{"not_picked":["Steam","Sweeping Beam"],"picked":"Beam Cell","floor":12},{"not_picked":["Stack","Static Discharge"],"picked":"Beam Cell","floor":13},{"not_picked":["Machine Learning","Go for the Eyes"],"picked":"Redo","floor":14},{"not_picked":["Consume","Compile Driver"],"picked":"Doom and Gloom","floor":15}],"player_experience":11805,"relics_obtained":[{"floor":6,"key":"Darkstone Periapt"},{"floor":9,"key":"Potion Belt"},{"floor":14,"key":"Dream Catcher"}],"event_choices":[{"damage_healed":0,"gold_gain":0,"player_choice":"Box","damage_taken":0,"relics_obtained":["Centennial Puzzle"],"max_hp_gain":0,"max_hp_loss":0,"event_name":"Big Fish","floor":2,"gold_loss":0,"cards_obtained":["Regret"]},{"cards_removed":["Regret"],"damage_healed":0,"gold_gain":0,"player_choice":"Card Removal","damage_taken":7,"max_hp_gain":0,"max_hp_loss":0,"event_name":"Golden Wing","floor":4,"gold_loss":0},{"damage_healed":0,"gold_gain":175,"player_choice":"AGREE","damage_taken":0,"max_hp_gain":0,"max_hp_loss":0,"event_name":"Liars Game","floor":11,"gold_loss":0,"cards_obtained":["Doubt"]}],"is_beta":false,"boss_relics":[],"items_purged_floors":[],"is_endless":false,"potions_floor_spawned":[1,3,5,12],"killed_by":"The Guardian","ascension_level":0}