{"gold_per_floor":[109,119,133,149,162,162,187,187,187,30,30,30,45,45],"floor_reached":14,"playtime":895,"items_purged":["Strike_G"],"score":110,"play_id":"c032eadd-7eed-4453-baa0-63cc7fd59e4f","local_time":"20190211153905","is_ascension_mode":true,"campfire_choices":[{"data":"Neutralize","floor":6,"key":"SMITH"},{"data":"Well Laid Plans","floor":11,"key":"SMITH"}],"neow_cost":"NONE","seed_source_timestamp":222388567644441,"circlet_count":0,"master_deck":["Defend_G","Defend_G","Defend_G","Defend_G","Defend_G","Strike_G","Strike_G","Strike_G","Survivor","Neutralize+1","Impatience","Flechettes","Leg Sweep","Cloak And Dagger","Catalyst","Calculated Gamble","Well Laid Plans+1","Cloak And Dagger"],"relics":["Ring of the Snake","Dead Branch","Singing Bowl"],"potions_floor_usage":[],"damage_taken":[{"damage":2,"enemies":"Cultist","floor":1,"turns":4},{"damage":3,"enemies":"Jaw Worm","floor":2,"turns":4},{"damage":4,"enemies":"Small Slimes","floor":3,"turns":4},{"damage":0,"enemies":"Blue Slaver","floor":4,"turns":6},{"damage":16,"enemies":"Exordium Thugs","floor":5,"turns":7},{"damage":43,"enemies":"Gremlin Nob","floor":7,"turns":6},{"damage":0,"enemies":"2 Fungi Beasts","floor":13,"turns":3},{"damage":4,"enemies":"3 Louse","floor":14,"turns":2}],"seed_played":"9109292566481798066","potions_obtained":[{"floor":2,"key":"FearPotion"},{"floor":7,"key":"Swift Potion"},{"floor":13,"key":"Block Potion"}],"is_trial":false,"path_per_floor":["M","M","M","M","M","R","E","?","T","$","R","?","M","M"],"character_chosen":"THE_SILENT","items_purchased":["Well Laid Plans"],"campfire_rested":0,"item_purchase_floors":[10],"current_hp_per_floor":[68,65,61,61,45,45,2,2,2,2,2,2,2,0],"gold":45,"neow_bonus":"RANDOM_COLORLESS","is_prod":false,"is_daily":false,"chose_seed":false,"campfire_upgraded":2,"win_rate":0,"timestamp":1549895945,"path_taken":["M","M","?","M","M","R","E","?","T","$","R","?","M","M"],"build_version":"2019-01-23","purchased_purges":1,"victory":false,"max_hp_per_floor":[70,70,70,70,70,70,70,70,70,70,70,70,70,70],"card_choices":[{"not_picked":["Outmaneuver","Backflip"],"picked":"Flechettes","floor":1},{"not_picked":["Infinite Blades","Dagger Spray"],"picked":"Leg Sweep","floor":2},{"not_picked":["All Out Attack","Flying Knee"],"picked":"Cloak And Dagger","floor":3},{"not_picked":["Outmaneuver","Bane"],"picked":"Catalyst","floor":4},{"not_picked":["Bane","Outmaneuver"],"picked":"Calculated Gamble","floor":5},{"not_picked":["Eviscerate","Reflex","Catalyst"],"picked":"SKIP","floor":7},{"not_picked":["PiercingWail","Reflex"],"picked":"Cloak And Dagger","floor":13}],"player_experience":339790,"relics_obtained":[{"floor":7,"key":"Dead Branch"},{"floor":9,"key":"Singing Bowl"}],"event_choices":[{"damage_healed":0,"gold_gain":0,"player_choice":"Ignored","damage_taken":0,"max_hp_gain":0,"max_hp_loss":0,"event_name":"Liars Game","floor":8,"gold_loss":0},{"cards_removed":["Strike_G"],"damage_healed":0,"gold_gain":0,"player_choice":"Purged","damage_taken":0,"max_hp_gain":0,"max_hp_loss":0,"event_name":"Purifier","floor":12,"gold_loss":0}],"is_beta":false,"boss_relics":[],"items_purged_floors":[10],"is_endless":false,"potions_floor_spawned":[2,7,13],"killed_by":"3 Louse","ascension_level":4}