{"gold_per_floor":[117,192,19,32,79,79,94,119,143,169,169,187,187,65,65,165,165,185,202,222,222,222,247,247,276,276,45,55,66,66,84,84,185,185,202,202,212,212,21,51,68,396,396,10,25,53,53,71,71,71],"floor_reached":51,"playtime":7764,"items_purged":["Strike_R"],"score":966,"play_id":"9b308d28-9633-4d0e-8625-06f76453df5b","local_time":"20180913134317","is_ascension_mode":true,"campfire_choices":[{"floor":6.0,"key":"REST"},{"floor":13.0,"key":"REST"},{"data":"Juggernaut","floor":15.0,"key":"SMITH"},{"data":"Strike_R","floor":24.0,"key":"PURGE"},{"floor":30.0,"key":"REST"},{"data":"Strike_R","floor":32.0,"key":"PURGE"},{"floor":49,"key":"REST"}],"neow_cost":"TEN_PERCENT_HP_LOSS","seed_source_timestamp":0,"circlet_count":0,"master_deck":["Defend_R","Defend_R","Defend_R","Bash","Dual Wield","Fire Breathing","Iron Wave","Anger","Body Slam","Battle Trance","Rampage","Infernal Blade","Metallicize","Juggernaut+1","Feed","Seeing Red","Twin Strike+1","Flex","Metallicize+1","Fire Breathing+1","Shrug It Off","Clothesline+1","Shrug It Off+1","Double Tap","Reaper","True Grit","Warcry+1","Entrench","Metamorphosis","Swift Strike","Deep Breath","Barricade","Uppercut","Sentinel+1","Cleave+1","Evolve+1","Discovery+1","Battle Trance+1","Havoc+1","Disarm+1","Reckless Charge+1","Madness+1","Madness+1","Rage+1"],"special_seed":0,"relics":["Burning Blood","Regal Pillow","Anchor","Peace Pipe","Smiling Mask","Pocketwatch","Fusion Hammer","GremlinMask","Bag of Preparation","Art of War","Ice Cream","TheAbacus","Snecko Eye","Ginger","Toxic Egg 2","Old Coin","Bird Faced Urn","OrangePellets","Juzu Bracelet"],"potions_floor_usage":[50,50],"damage_taken":[{"damage":24.0,"enemies":"Small Slimes","floor":1.0,"turns":5.0},{"damage":8.0,"enemies":"Jaw Worm","floor":4.0,"turns":4.0},{"damage":1.0,"enemies":"Cultist","floor":7.0,"turns":3.0},{"damage":35.0,"enemies":"Lagavulin","floor":8.0,"turns":6.0},{"damage":12.0,"enemies":"3 Sentries","floor":10.0,"turns":8.0},{"damage":0.0,"enemies":"2 Fungi Beasts","floor":12.0,"turns":2.0},{"damage":27.0,"enemies":"Slime Boss","floor":16.0,"turns":7.0},{"damage":20.0,"enemies":"Chosen","floor":18.0,"turns":5.0},{"damage":11.0,"enemies":"2 Thieves","floor":19.0,"turns":4.0},{"damage":13.0,"enemies":"Snecko","floor":20.0,"turns":4.0},{"damage":18.0,"enemies":"Book of Stabbing","floor":23.0,"turns":4.0},{"damage":0.0,"enemies":"Gremlin Leader","floor":25.0,"turns":5.0},{"damage":18.0,"enemies":"Centurion and Healer","floor":28.0,"turns":5.0},{"damage":15.0,"enemies":"Sentry and Sphere","floor":29.0,"turns":4.0},{"damage":14.0,"enemies":"3 Cultists","floor":31.0,"turns":5.0},{"damage":26.0,"enemies":"Champ","floor":33.0,"turns":10.0},{"damage":0.0,"enemies":"Orb Walker","floor":35.0,"turns":3.0},{"damage":0.0,"enemies":"Mind Bloom Boss Battle","floor":36.0,"turns":4.0},{"damage":24.0,"enemies":"3 Darklings","floor":37.0,"turns":5.0},{"damage":6.0,"enemies":"Nemesis","floor":40.0,"turns":9.0},{"damage":12.0,"enemies":"Maw","floor":41.0,"turns":8.0},{"damage":0.0,"enemies":"Giant Head","floor":42.0,"turns":7.0},{"damage":0,"enemies":"4 Shapes","floor":45,"turns":4},{"damage":38,"enemies":"Nemesis","floor":46,"turns":5},{"damage":26,"enemies":"Transient","floor":48,"turns":5},{"damage":27,"enemies":"Donu and Deca","floor":50,"turns":9}],"seed_played":"8583223808799777525","potions_obtained":[{"floor":8.0,"key":"Fire Potion"},{"floor":10.0,"key":"Explosive Potion"},{"floor":16.0,"key":"EssenceOfSteel"},{"floor":19.0,"key":"Regen Potion"},{"floor":20.0,"key":"Fire Potion"},{"floor":23.0,"key":"FearPotion"},{"floor":25.0,"key":"Fire Potion"},{"floor":29.0,"key":"Strength Potion"},{"floor":33.0,"key":"Fire Potion"},{"floor":48,"key":"Fire Potion"}],"is_trial":false,"path_per_floor":["M","?","$","M","T","R","M","E","T","E","?","M","R","$","R","B",null,"M","M","M","?","?","E","R","E","T","$","M","M","R","M","R","B",null,"M","?","M","?","$","E","M","E","T","$","M","E","?","M","R","B"],"character_chosen":"IRONCLAD","items_purchased":["Regal Pillow","Anger","Juggernaut","TheAbacus","Shrug It Off","Barricade","Uppercut","OrangePellets","Discovery+1","Battle Trance+1","Havoc+1"],"campfire_rested":4,"item_purchase_floors":[3,3,14,27,27,39,39,44,44,44,44],"current_hp_per_floor":[54,43,43,41,41,72,72,43,43,37,37,43,72,72,72,51,72,61,59,52,52,52,52,52,61,61,61,49,40,79,74,74,54,84,84,87,79,69,69,76,79,85,85,85,96,68,56,50,93,95],"gold":71,"neow_bonus":"TRANSFORM_TWO_CARDS","is_prod":false,"is_daily":false,"chose_seed":false,"campfire_upgraded":1,"win_rate":0,"timestamp":1536860597,"path_taken":["M","?","$","M","?","R","?","E","T","E","?","?","R","?","R","BOSS","M","M","M","?","?","E","R","E","T","$","M","M","R","M","R","BOSS","M","?","M","?","$","E","M","E","T","$","M","E","?","M","R","BOSS"],"build_version":"2018-09-06","purchased_purges":1,"victory":true,"max_hp_per_floor":[72,72,72,72,72,72,72,72,72,72,72,72,72,72,72,72,72,75,78,78,78,78,78,78,81,81,81,81,81,81,84,84,84,84,84,87,87,87,87,90,93,93,93,93,96,96,96,96,96,96],"card_choices":[{"not_picked":["True Grit","Sword Boomerang"],"picked":"Iron Wave","floor":1.0},{"not_picked":["Sword Boomerang","Second Wind"],"picked":"Body Slam","floor":4.0},{"not_picked":["Heavy Blade","Ghostly Armor"],"picked":"Battle Trance","floor":7.0},{"not_picked":["Blood for Blood","Searing Blow"],"picked":"Rampage","floor":8.0},{"not_picked":["Body Slam","Burning Pact"],"picked":"Infernal Blade","floor":10.0},{"not_picked":["Armaments","Twin Strike"],"picked":"Metallicize","floor":12.0},{"not_picked":["Reaper","Juggernaut"],"picked":"Feed","floor":16.0},{"not_picked":["Heavy Blade","Wild Strike"],"picked":"Seeing Red","floor":18.0},{"not_picked":["Havoc","Wild Strike"],"picked":"Twin Strike+1","floor":19.0},{"not_picked":["Sentinel","True Grit+1"],"picked":"Flex","floor":20.0},{"not_picked":["Warcry+1","Blood for Blood"],"picked":"Metallicize+1","floor":23.0},{"not_picked":["Anger","Shrug It Off+1"],"picked":"Fire Breathing+1","floor":25.0},{"not_picked":["Wild Strike+1","Body Slam"],"picked":"Clothesline+1","floor":28.0},{"not_picked":["Perfected Strike+1","Sword Boomerang+1"],"picked":"Shrug It Off+1","floor":29.0},{"not_picked":["Cleave","Havoc"],"picked":"Double Tap","floor":31.0},{"not_picked":["Immolate","Offering"],"picked":"Reaper","floor":33.0},{"not_picked":["Thunderclap+1","Pummel+1"],"picked":"True Grit","floor":35.0},{"not_picked":["Thunderclap","Infernal Blade"],"picked":"Warcry+1","floor":36.0},{"not_picked":["Corruption+1","Whirlwind+1"],"picked":"Entrench","floor":37.0},{"not_picked":["Jack Of All Trades","Madness"],"picked":"Metamorphosis","floor":38.0},{"not_picked":["Panacea","Purity"],"picked":"Swift Strike","floor":38.0},{"not_picked":["Secret Technique","Enlightenment"],"picked":"Deep Breath","floor":38.0},{"not_picked":["Whirlwind","Warcry"],"picked":"Sentinel+1","floor":40.0},{"not_picked":["Searing Blow+1","Clash+1"],"picked":"Cleave+1","floor":41.0},{"not_picked":["Clash+1","Heavy Blade"],"picked":"Evolve+1","floor":42.0},{"not_picked":["Uppercut+1","Perfected Strike"],"picked":"Disarm+1","floor":45},{"not_picked":["Bloodletting+1","True Grit+1"],"picked":"Reckless Charge+1","floor":46},{"not_picked":["Intimidate+1","Rupture+1"],"picked":"Rage+1","floor":48}],"player_experience":352488,"relics_obtained":[{"floor":5.0,"key":"Anchor"},{"floor":8.0,"key":"Peace Pipe"},{"floor":9.0,"key":"Smiling Mask"},{"floor":10.0,"key":"Pocketwatch"},{"floor":23.0,"key":"Bag of Preparation"},{"floor":25.0,"key":"Art of War"},{"floor":26.0,"key":"Ice Cream"},{"floor":36.0,"key":"Ginger"},{"floor":40.0,"key":"Toxic Egg 2"},{"floor":42.0,"key":"Old Coin"},{"floor":43,"key":"Bird Faced Urn"},{"floor":46,"key":"Juzu Bracelet"}],"event_choices":[{"event_name":"World of Goop","player_choice":"Gather Gold","floor":2.0,"damage_taken":0.0},{"event_name":"Purifier","player_choice":"One Purge","floor":11.0,"damage_taken":0.0},{"event_name":"Vampires","player_choice":"Ignored","floor":21.0,"damage_taken":0.0},{"event_name":"FaceTrader","player_choice":"Trade","floor":22.0,"damage_taken":0.0},{"event_name":"MindBloom","player_choice":"Fight","floor":36.0,"damage_taken":0.0},{"event_name":"SensoryStone","player_choice":"Memory 3","floor":38.0,"damage_taken":0.0},{"event_name":"Winding Halls","player_choice":"Embrace Madness","floor":47,"damage_taken":0}],"is_beta":false,"boss_relics":[{"not_picked":["Calling Bell","Philosopher\u0027s Stone"],"picked":"Fusion Hammer"},{"not_picked":["Runic Dome","Eternal Feather"],"picked":"Snecko Eye"}],"items_purged_floors":[14],"is_endless":false,"potions_floor_spawned":[8,10,16,19,20,23,25,29,33,35,37,42,46,48],"ascension_level":2}