{"gold_per_floor":[116,132,147,97,22,22,42,62,87,87,103,121,121,137,137,238,238,254,243,143,143,154,154,154],"floor_reached":24,"playtime":2470,"items_purged":["Strike_G","Strike_G"],"score":202,"play_id":"9e8fc758-9976-4756-b0e8-06a03396c5e3","local_time":"20180924000010","is_ascension_mode":true,"campfire_choices":[{"data":"Backflip","floor":6,"key":"SMITH"},{"data":"Outmaneuver","floor":10,"key":"SMITH"},{"data":"Prepared","floor":13,"key":"SMITH"},{"data":"Escape Plan","floor":15,"key":"SMITH"},{"data":"Dagger Spray","floor":23,"key":"SMITH"}],"neow_cost":"NONE","seed_source_timestamp":856388508887170,"circlet_count":0,"master_deck":["Defend_G","Defend_G","Defend_G","Defend_G","Defend_G","Strike_G","Strike_G","Survivor","Neutralize+1","Backflip+1","Prepared+1","Dagger Spray+1","Outmaneuver+1","Escape Plan+1"],"relics":["Ring of the Snake","Dream Catcher","White Beast Statue"],"potions_floor_usage":[16,19,22,24,24],"damage_taken":[{"damage":2,"enemies":"Small Slimes","floor":1,"turns":4},{"damage":0,"enemies":"2 Louse","floor":2,"turns":3},{"damage":0,"enemies":"Jaw Worm","floor":3,"turns":7},{"damage":0,"enemies":"Blue Slaver","floor":7,"turns":6},{"damage":0,"enemies":"Looter","floor":8,"turns":4},{"damage":0,"enemies":"2 Fungi Beasts","floor":11,"turns":4},{"damage":12,"enemies":"Large Slime","floor":12,"turns":10},{"damage":0,"enemies":"Blue Slaver","floor":14,"turns":4},{"damage":23,"enemies":"Hexaghost","floor":16,"turns":16},{"damage":0,"enemies":"3 Byrds","floor":18,"turns":6},{"damage":8,"enemies":"2 Thieves","floor":19,"turns":4},{"damage":18,"enemies":"Centurion and Healer","floor":22,"turns":17},{"damage":44,"enemies":"Gremlin Leader","floor":24,"turns":7}],"seed_played":"-4507711024623850748","potions_obtained":[{"floor":3,"key":"SmokeBomb"},{"floor":7,"key":"SteroidPotion"},{"floor":11,"key":"LiquidBronze"},{"floor":12,"key":"Explosive Potion"},{"floor":18,"key":"Strength Potion"},{"floor":19,"key":"Strength Potion"},{"floor":22,"key":"Fire Potion"}],"is_trial":false,"path_per_floor":["M","M","M","?","$","R","M","M","T","R","M","M","R","M","R","B",null,"M","M","$","?","M","R"],"character_chosen":"THE_SILENT","items_purchased":[],"campfire_rested":0,"item_purchase_floors":[],"current_hp_per_floor":[68,68,68,68,68,68,68,68,68,68,68,56,56,56,56,33,70,70,62,62,62,44,44,0],"gold":154,"neow_bonus":"UPGRADE_CARD","is_prod":false,"is_daily":false,"chose_seed":false,"campfire_upgraded":5,"win_rate":0,"timestamp":1537740010,"path_taken":["M","M","M","?","$","R","M","M","T","R","M","M","R","M","R","BOSS","M","M","$","?","M","R","E"],"build_version":"2018-09-20","purchased_purges":2,"victory":false,"max_hp_per_floor":[70,70,70,70,70,70,70,70,70,70,70,70,70,70,70,70,70,70,70,70,70,70,70,70],"card_choices":[{"not_picked":["Bane","Riddle With Holes"],"picked":"Backflip","floor":1},{"not_picked":["Flying Knee","Blade Dance"],"picked":"Prepared","floor":2},{"not_picked":["Caltrops","Cloak And Dagger","Heel Hook"],"picked":"SKIP","floor":3},{"not_picked":["Cloak And Dagger","Catalyst"],"picked":"Dagger Spray","floor":7},{"not_picked":["Slice","Setup"],"picked":"Outmaneuver","floor":8},{"not_picked":["Skewer","Predator","Outmaneuver"],"picked":"SKIP","floor":11},{"not_picked":["Riddle With Holes","Quick Slash"],"picked":"Escape Plan","floor":12},{"not_picked":["PiercingWail","Blade Dance","Bullet Time"],"picked":"SKIP","floor":14},{"not_picked":["Flying Knee","Bane","Cloak And Dagger+1"],"picked":"SKIP","floor":18},{"not_picked":["Sucker Punch","Bane","Blade Dance+1"],"picked":"SKIP","floor":19},{"not_picked":["Sucker Punch","Eviscerate","Blade Dance"],"picked":"SKIP","floor":22}],"player_experience":121095,"relics_obtained":[{"floor":9,"key":"Dream Catcher"}],"event_choices":[{"event_name":"The Cleric","player_choice":"Card Removal","floor":4,"damage_taken":0},{"event_name":"The Mausoleum","player_choice":"No","floor":21,"damage_taken":0}],"is_beta":false,"boss_relics":[{"not_picked":["Busted Crown","Velvet Choker"],"picked":"White Beast Statue"}],"items_purged_floors":[5,20],"is_endless":false,"potions_floor_spawned":[3,7,11,12,14,18,19,22],"killed_by":"Gremlin Leader","ascension_level":1}