{"gold_per_floor":[114,64,75,75,91,91,104,177,203,229,229,256,256,273,273,371,371,371,150,150,150,150,150,150,150,150,150,150,100,100,100,100,100,100,100,80,80,80,80,80,80,6,6,6,6,6,6,6,6,6],"floor_reached":50,"playtime":2331,"items_purged":["Strike_R","Strike_R"],"score":648,"play_id":"ff24b9b9-3995-449f-ad92-3fa847124c10","local_time":"20190212143349","is_ascension_mode":false,"campfire_choices":[{"data":"Demon Form","floor":6,"key":"SMITH"},{"data":"Pummel","floor":13,"key":"SMITH"},{"data":"Bash","floor":15,"key":"SMITH"},{"data":"Barricade","floor":24,"key":"SMITH"},{"data":"True Grit","floor":27,"key":"SMITH"},{"data":"Sword Boomerang","floor":32,"key":"SMITH"},{"floor":41,"key":"REST"},{"data":"Limit Break","floor":45,"key":"SMITH"},{"floor":49,"key":"REST"}],"neow_cost":"NONE","seed_source_timestamp":53784470078315,"circlet_count":0,"master_deck":["Defend_R","Defend_R","Defend_R","Defend_R","Bash+1","Shrug It Off","Demon Form+1","Ghostly Armor","Heavy Blade+1","Pummel+1","Barricade+1","True Grit+1","Reaper","Sentinel","Ghostly Armor","Shockwave","Sword Boomerang+1","Shrug It Off","Offering","Headbutt","Limit Break+1","Ghostly Armor","Pommel Strike+1","Headbutt+1"],"relics":["Black Blood","Mercury Hourglass","Smiling Mask","Potion Belt","Ectoplasm","Lantern","Happy Flower","Kunai","Paper Frog"],"potions_floor_usage":[10,40,40,40,48,50,50],"damage_taken":[{"damage":0,"enemies":"Small Slimes","floor":1,"turns":3},{"damage":0,"enemies":"2 Louse","floor":3,"turns":3},{"damage":1,"enemies":"Cultist","floor":5,"turns":4},{"damage":17,"enemies":"Exordium Thugs","floor":7,"turns":4},{"damage":18,"enemies":"Gremlin Nob","floor":10,"turns":4},{"damage":23,"enemies":"Lagavulin","floor":12,"turns":6},{"damage":10,"enemies":"Looter","floor":14,"turns":2},{"damage":0,"enemies":"Slime Boss","floor":16,"turns":6},{"damage":25,"enemies":"Spheric Guardian","floor":18,"turns":8},{"damage":7,"enemies":"Shell Parasite","floor":21,"turns":4},{"damage":10,"enemies":"Gremlin Leader","floor":23,"turns":9},{"damage":7,"enemies":"3 Cultists","floor":28,"turns":6},{"damage":2,"enemies":"Snake Plant","floor":31,"turns":4},{"damage":0,"enemies":"Automaton","floor":33,"turns":7},{"damage":6,"enemies":"Orb Walker","floor":35,"turns":7},{"damage":21,"enemies":"3 Darklings","floor":37,"turns":6},{"damage":47,"enemies":"Reptomancer","floor":40,"turns":3},{"damage":14,"enemies":"Maw","floor":44,"turns":7},{"damage":18,"enemies":"Spire Growth","floor":46,"turns":4},{"damage":75,"enemies":"Transient","floor":48,"turns":5},{"damage":83,"enemies":"Donu and Deca","floor":50,"turns":6}],"seed_played":"3890994974526202415","potions_obtained":[{"floor":0,"key":"Swift Potion"},{"floor":0,"key":"SmokeBomb"},{"floor":0,"key":"SmokeBomb"},{"floor":7,"key":"Fire Potion"},{"floor":12,"key":"Strength Potion"},{"floor":23,"key":"GamblersBrew"},{"floor":28,"key":"Dexterity Potion"},{"floor":33,"key":"Strength Potion"},{"floor":44,"key":"LiquidBronze"}],"is_trial":false,"path_per_floor":["M","?","M","?","M","R","M","T","T","E","?","E","R","M","R","B",null,"M","$","?","M","?","E","R","?","T","R","M","$","?","M","R","B",null,"M","?","M","$","?","E","R","$","T","M","R","M","?","M","R","B"],"character_chosen":"IRONCLAD","items_purchased":["True Grit","Lantern","Ghostly Armor"],"campfire_rested":2,"item_purchase_floors":[19,19,42],"current_hp_per_floor":[80,80,80,80,80,80,69,69,69,57,57,40,40,36,36,42,80,61,61,53,52,52,64,64,49,49,49,83,83,83,85,85,85,85,85,85,85,85,85,48,73,73,73,85,85,77,77,19,44,0],"gold":6,"neow_bonus":"THREE_SMALL_POTIONS","is_prod":false,"is_daily":false,"chose_seed":false,"campfire_upgraded":7,"win_rate":0,"timestamp":1549978429,"path_taken":["M","?","M","?","?","R","M","?","T","E","?","E","R","M","R","BOSS","M","?","?","?","?","E","R","?","T","R","M","$","?","M","R","BOSS","M","?","?","$","?","E","R","$","T","M","R","M","?","M","R","BOSS"],"build_version":"2019-01-23","purchased_purges":2,"victory":false,"max_hp_per_floor":[80,80,80,80,80,80,80,80,80,80,80,80,80,80,80,80,80,80,80,80,80,80,80,80,85,85,85,85,85,85,85,85,85,85,85,85,85,85,85,85,85,85,85,85,85,85,85,85,85,85],"card_choices":[{"not_picked":["Body Slam","Sever Soul"],"picked":"Perfected Strike","floor":1},{"not_picked":["Flex","Fire Breathing"],"picked":"Shrug It Off","floor":3},{"not_picked":["Pommel Strike","Armaments"],"picked":"Demon Form","floor":5},{"not_picked":["True Grit","Headbutt"],"picked":"Ghostly Armor","floor":7},{"not_picked":["Shrug It Off","Thunderclap"],"picked":"Heavy Blade","floor":10},{"not_picked":["Wild Strike","Dual Wield"],"picked":"Pummel","floor":12},{"not_picked":["Dropkick","Feel No Pain","Perfected Strike"],"picked":"SKIP","floor":14},{"not_picked":["Impervious","Demon Form"],"picked":"Barricade","floor":16},{"not_picked":["Clash","Perfected Strike","Dropkick+1"],"picked":"SKIP","floor":18},{"not_picked":["Burning Pact","Twin Strike"],"picked":"Reaper","floor":21},{"not_picked":["Clothesline+1","Pummel+1"],"picked":"Shockwave","floor":23},{"not_picked":["Wild Strike","Armaments"],"picked":"Sword Boomerang","floor":28},{"not_picked":["Dual Wield","Anger"],"picked":"Shrug It Off","floor":31},{"not_picked":["Fiend Fire","Demon Form"],"picked":"Offering","floor":33},{"not_picked":["Wild Strike+1","Twin Strike+1"],"picked":"Headbutt","floor":35},{"not_picked":["Iron Wave","True Grit"],"picked":"Limit Break","floor":37},{"not_picked":["Rupture+1","Wild Strike+1","True Grit"],"picked":"SKIP","floor":44},{"not_picked":["Rupture+1","Wild Strike+1","True Grit"],"picked":"SKIP","floor":44},{"not_picked":["Flex","Intimidate"],"picked":"Pommel Strike","floor":46},{"not_picked":["Impervious","Rampage"],"picked":"Headbutt+1","floor":48}],"player_experience":142858,"relics_obtained":[{"floor":8,"key":"Mercury Hourglass"},{"floor":10,"key":"Smiling Mask"},{"floor":12,"key":"Potion Belt"},{"floor":23,"key":"Happy Flower"},{"floor":26,"key":"Kunai"},{"floor":43,"key":"Paper Frog"}],"event_choices":[{"cards_removed":["Strike_R"],"damage_healed":0,"gold_gain":0,"player_choice":"Card Removal","damage_taken":0,"max_hp_gain":0,"max_hp_loss":0,"event_name":"The Cleric","floor":2,"gold_loss":50},{"damage_healed":0,"gold_gain":0,"player_choice":"Ignored","damage_taken":0,"max_hp_gain":0,"max_hp_loss":0,"event_name":"NoteForYourself","floor":4,"gold_loss":0},{"damage_healed":0,"gold_gain":0,"player_choice":"Upgraded","damage_taken":0,"max_hp_gain":0,"max_hp_loss":0,"event_name":"Upgrade Shrine","floor":11,"gold_loss":0,"cards_upgraded":["Heavy Blade"]},{"damage_healed":0,"gold_gain":0,"player_choice":"","damage_taken":8,"max_hp_gain":0,"max_hp_loss":0,"event_name":"Knowing Skull","floor":20,"potions_obtained":[],"gold_loss":0,"cards_obtained":[]},{"damage_healed":0,"gold_gain":0,"cards_transformed":["Strike_R","Perfected Strike"],"player_choice":"Became Test Subject","damage_taken":0,"max_hp_gain":0,"max_hp_loss":0,"event_name":"Drug Dealer","floor":22,"gold_loss":0,"cards_obtained":["Sentinel","Ghostly Armor"]},{"damage_healed":0,"gold_gain":0,"player_choice":"Shed Blood","damage_taken":20,"max_hp_gain":5,"max_hp_loss":0,"event_name":"Forgotten Altar","floor":25,"gold_loss":0},{"cards_removed":["Strike_R"],"damage_healed":0,"gold_gain":0,"player_choice":"Offered Basic","damage_taken":0,"max_hp_gain":0,"max_hp_loss":0,"event_name":"Bonfire Elementals","floor":30,"gold_loss":0},{"damage_healed":0,"gold_gain":0,"player_choice":"Bought 1 Potion","damage_taken":0,"max_hp_gain":0,"max_hp_loss":0,"event_name":"The Woman in Blue","floor":36,"gold_loss":0},{"damage_healed":0,"gold_gain":0,"player_choice":"Ignored","damage_taken":0,"max_hp_gain":0,"max_hp_loss":0,"event_name":"Tomb of Lord Red Mask","floor":39,"gold_loss":0},{"damage_healed":0,"gold_gain":0,"player_choice":"Upgraded","damage_taken":0,"max_hp_gain":0,"max_hp_loss":0,"event_name":"Upgrade Shrine","floor":47,"gold_loss":0,"cards_upgraded":["Pommel Strike"]}],"is_beta":false,"boss_relics":[{"not_picked":["Mark of Pain","Runic Cube"],"picked":"Ectoplasm"},{"not_picked":["Pandora\u0027s Box","Fusion Hammer"],"picked":"Black Blood"}],"items_purged_floors":[19,29],"is_endless":false,"potions_floor_spawned":[5,7,12,23,28,31,33,37,44],"killed_by":"Donu and Deca","ascension_level":0}