{"gold_per_floor":[114,34,49,64,64,64,88,88,113,143,197,212,227,242,242,342,342,357,372,472,36,36,66,66,66],"floor_reached":25,"playtime":1703,"items_purged":[],"score":221,"play_id":"600a93d6-45c0-47c4-bfb7-ef0f55c6b67f","local_time":"20181108082810","daily_mods":["Heirloom","Green Cards","Elite Swarm"],"is_ascension_mode":false,"campfire_choices":[{"data":"Fire Breathing","floor":6,"key":"SMITH"},{"data":"Endless Agony","floor":8,"key":"SMITH"},{"floor":15,"key":"REST"},{"floor":24,"key":"REST"}],"neow_cost":"","seed_source_timestamp":0,"circlet_count":0,"master_deck":["Strike_R","Strike_R","Strike_R","Defend_R+1","Defend_R","Defend_R","Bash","Fire Breathing+1","Endless Agony+1","Dagger Throw+1","Outmaneuver","Venomology","Dual Wield","Clash","Finisher","Dark Embrace","Dagger Throw+1","Tactician+1","Havoc+1","Flying Knee","Cloak And Dagger","Outmaneuver","A Thousand Cuts","Dark Embrace"],"special_seed":17843,"relics":["Burning Blood","Charon\u0027s Ashes","Odd Mushroom","Anchor","Art of War","Astrolabe","Dead Branch","Question Card","Torii","MutagenicStrength","Toxic Egg 2"],"potions_floor_usage":[16,16,16,20,23],"damage_taken":[{"damage":0,"enemies":"Small Slimes","floor":1,"turns":3},{"damage":1,"enemies":"2 Louse","floor":3,"turns":2},{"damage":3,"enemies":"Jaw Worm","floor":4,"turns":3},{"damage":11,"enemies":"The Mushroom Lair","floor":7,"turns":3},{"damage":28,"enemies":"Gremlin Nob","floor":10,"turns":4},{"damage":0,"enemies":"Blue Slaver","floor":12,"turns":2},{"damage":1,"enemies":"Exordium Wildlife","floor":13,"turns":4},{"damage":0,"enemies":"Lots of Slimes","floor":14,"turns":2},{"damage":55,"enemies":"Hexaghost","floor":16,"turns":6},{"damage":5,"enemies":"Chosen","floor":18,"turns":4},{"damage":7,"enemies":"Shell Parasite","floor":19,"turns":3},{"damage":15,"enemies":"Colosseum Slavers","floor":20,"turns":2},{"damage":53,"enemies":"Colosseum Nobs","floor":20,"turns":5},{"damage":12,"enemies":"Slavers","floor":23,"turns":3},{"damage":47,"enemies":"Book of Stabbing","floor":25,"turns":4}],"seed_played":"-8528799045221006880","potions_obtained":[{"floor":1,"key":"Poison Potion"},{"floor":13,"key":"FearPotion"}],"is_trial":false,"path_per_floor":["M","$","M","M","?","R","?","R","T","E","?","M","M","M","R","B",null,"M","M","?","$","?","E","R","E"],"character_chosen":"IRONCLAD","items_purchased":["Endless Agony","A Thousand Cuts","Torii"],"campfire_rested":2,"item_purchase_floors":[2,21,21],"current_hp_per_floor":[80,80,80,80,64,64,59,59,59,37,37,43,48,54,78,29,80,80,79,23,23,23,17,41,0],"gold":66,"neow_bonus":"","is_prod":false,"is_daily":true,"chose_seed":false,"campfire_upgraded":2,"win_rate":0,"timestamp":1541683690,"path_taken":["M","$","M","M","?","R","?","R","T","E","?","M","M","M","R","BOSS","M","M","?","$","?","E","R","E"],"build_version":"2018-11-01","purchased_purges":0,"victory":false,"max_hp_per_floor":[80,80,80,80,80,80,80,80,80,80,80,80,80,80,80,80,80,80,80,80,80,80,80,80,80],"card_choices":[{"not_picked":["Underhanded Strike","Sentinel"],"picked":"Fire Breathing","floor":1},{"not_picked":["Dagger Spray","Sword Boomerang"],"picked":"Dagger Throw","floor":3},{"not_picked":["Concentrate","Bouncing Flask"],"picked":"Outmaneuver","floor":4},{"not_picked":["Phantasmal Killer","Bludgeon"],"picked":"Venomology","floor":10},{"not_picked":["Twin Strike","Heavy Blade"],"picked":"Dual Wield","floor":12},{"not_picked":["Clothesline","Dodge and Roll"],"picked":"Clash","floor":13},{"not_picked":["Flex","Burst"],"picked":"Finisher","floor":14},{"not_picked":["Die Die Die","Glass Knife"],"picked":"Dark Embrace","floor":16},{"not_picked":["Headbutt","Hemokinesis"],"picked":"Flying Knee","floor":18},{"not_picked":["Sword Boomerang+1","Bouncing Flask+1"],"picked":"Cloak And Dagger","floor":19},{"not_picked":["Sucker Punch","Riddle With Holes"],"picked":"Outmaneuver","floor":20},{"not_picked":["Corpse Explosion","Bullet Time","Fiend Fire"],"picked":"Dark Embrace","floor":23}],"player_experience":40335,"relics_obtained":[{"floor":7,"key":"Odd Mushroom"},{"floor":9,"key":"Anchor"},{"floor":10,"key":"Art of War"},{"floor":20,"key":"Dead Branch"},{"floor":20,"key":"Question Card"},{"floor":23,"key":"Toxic Egg 2"}],"event_choices":[{"damage_healed":0,"gold_gain":0,"player_choice":"Entered Light","damage_taken":16,"max_hp_gain":0,"max_hp_loss":0,"event_name":"Shining Light","floor":5,"gold_loss":0,"cards_upgraded":["Dagger Throw","Defend_R"]},{"damage_healed":0,"gold_gain":0,"player_choice":"Fought Mushrooms","damage_taken":0,"max_hp_gain":0,"max_hp_loss":0,"event_name":"Mushrooms","floor":7,"gold_loss":0},{"damage_healed":0,"gold_gain":54,"player_choice":"Gained Gold","damage_taken":0,"max_hp_gain":0,"max_hp_loss":0,"event_name":"Golden Wing","floor":11,"gold_loss":0},{"damage_healed":0,"gold_gain":0,"player_choice":"Fight","damage_taken":0,"max_hp_gain":0,"max_hp_loss":0,"event_name":"Colosseum","floor":20,"gold_loss":0},{"damage_healed":0,"gold_gain":0,"player_choice":"Fought Nobs","damage_taken":0,"max_hp_gain":0,"max_hp_loss":0,"event_name":"Colosseum","floor":20,"gold_loss":0},{"damage_healed":0,"gold_gain":0,"player_choice":"Inject Mutagens","damage_taken":0,"relics_obtained":["MutagenicStrength"],"max_hp_gain":0,"max_hp_loss":0,"event_name":"Drug Dealer","floor":22,"gold_loss":0}],"is_beta":false,"boss_relics":[{"not_picked":["Snecko Eye","Mark of Pain"],"picked":"Astrolabe"}],"items_purged_floors":[],"is_endless":false,"potions_floor_spawned":[1,13,20],"killed_by":"Book of Stabbing","ascension_level":0}