{"gold_per_floor":[116,116,137,156,156,199,131,149,149,52,52,76,101,26,26,26],"floor_reached":16,"playtime":920,"items_purged":["Strike_R"],"score":204,"play_id":"8e057ac6-19ab-428a-b721-defffbb448f0","local_time":"20190130195703","is_ascension_mode":true,"campfire_choices":[{"data":"Uppercut","floor":11,"key":"SMITH"},{"data":"Demon Form","floor":15,"key":"SMITH"}],"neow_cost":"TEN_PERCENT_HP_LOSS","seed_source_timestamp":1115582380147158,"circlet_count":0,"master_deck":["AscendersBane","Strike_R","Strike_R","Strike_R","Strike_R","Defend_R","Defend_R","Defend_R","Defend_R","Bash","Perfected Strike","Flame Barrier","Uppercut+1","Demon Form+1","Shrug It Off","Bandage Up","Feel No Pain"],"relics":["Burning Blood","Turnip","Golden Idol","Question Card","Singing Bowl","Ornamental Fan"],"potions_floor_usage":[6,16,16],"damage_taken":[{"damage":14,"enemies":"Jaw Worm","floor":1,"turns":4},{"damage":8,"enemies":"2 Louse","floor":3,"turns":2},{"damage":0,"enemies":"Small Slimes","floor":4,"turns":3},{"damage":50,"enemies":"3 Sentries","floor":6,"turns":11},{"damage":7,"enemies":"Blue Slaver","floor":8,"turns":4},{"damage":5,"enemies":"3 Louse","floor":12,"turns":4},{"damage":9,"enemies":"Red Slaver","floor":13,"turns":3},{"damage":29,"enemies":"Hexaghost","floor":16,"turns":9}],"seed_played":"-5944685969533771735","potions_obtained":[{"floor":1,"key":"PowerPotion"},{"floor":8,"key":"Poison Potion"},{"floor":13,"key":"SpeedPotion"}],"is_trial":false,"path_per_floor":["M","?","M","M","T","E","?","M","T","$","R","M","M","$","R","B"],"character_chosen":"IRONCLAD","items_purchased":["Bandage Up"],"campfire_rested":0,"item_purchase_floors":[10],"current_hp_per_floor":[60,60,58,62,62,18,18,17,17,17,17,24,25,25,25,0],"gold":26,"neow_bonus":"ONE_RARE_RELIC","is_prod":false,"is_daily":false,"chose_seed":false,"campfire_upgraded":2,"win_rate":0,"timestamp":1548907023,"path_taken":["M","?","M","M","?","E","?","M","T","?","R","M","M","$","R","BOSS"],"build_version":"2019-01-23","purchased_purges":1,"victory":false,"max_hp_per_floor":[68,62,62,62,62,62,62,62,62,62,62,64,64,64,64,64],"card_choices":[{"not_picked":["Dropkick","Sword Boomerang"],"picked":"Perfected Strike","floor":1},{"not_picked":["True Grit","Ghostly Armor"],"picked":"Flame Barrier","floor":3},{"not_picked":["Anger","Combust"],"picked":"Uppercut","floor":4},{"not_picked":["Sword Boomerang","Inflame","Searing Blow"],"picked":"Demon Form","floor":6},{"not_picked":["Carnage","Seeing Red","Twin Strike"],"picked":"Shrug It Off","floor":8},{"not_picked":["Havoc","Reckless Charge","Headbutt","Searing Blow"],"picked":"Singing Bowl","floor":12},{"not_picked":["Clash","Infernal Blade","Rage"],"picked":"Feel No Pain","floor":13}],"player_experience":740714,"relics_obtained":[{"floor":5,"key":"Question Card"},{"floor":6,"key":"Singing Bowl"},{"floor":9,"key":"Ornamental Fan"}],"event_choices":[{"damage_healed":0,"gold_gain":0,"player_choice":"Lose Max HP","damage_taken":0,"relics_obtained":["Golden Idol"],"max_hp_gain":0,"max_hp_loss":6,"event_name":"Golden Idol","floor":2,"gold_loss":0},{"damage_healed":0,"gold_gain":0,"player_choice":"Left Gold","damage_taken":0,"max_hp_gain":0,"max_hp_loss":0,"event_name":"World of Goop","floor":7,"gold_loss":68}],"is_beta":false,"boss_relics":[],"items_purged_floors":[14],"is_endless":false,"potions_floor_spawned":[1,8,13],"killed_by":"Hexaghost","ascension_level":20}