{"gold_per_floor":[113,131,150,160,179,207,217,248,248,248,248,248,248,248,248,248],"floor_reached":16,"playtime":1020,"items_purged":[],"score":224,"play_id":"2e4c1a4d-27ba-42d0-a632-d43799ccc996","local_time":"20190201175702","is_ascension_mode":true,"campfire_choices":[{"data":"Zap","floor":11,"key":"SMITH"},{"data":"Sunder","floor":13,"key":"SMITH"},{"data":"Reinforced Body","floor":15,"key":"SMITH"}],"neow_cost":"NONE","seed_source_timestamp":1281084887859129,"circlet_count":0,"master_deck":["AscendersBane","Strike_B","Strike_B","Strike_B","Defend_B","Defend_B","Defend_B","Defend_B","Zap+1","Dualcast","Steam","Ball Lightning","Sunder+1","Ball Lightning","Barrage","Leap","Compile Driver","Reinforced Body+1"],"relics":["Cracked Core","Cables","Lantern","Bird Faced Urn","Smiling Mask"],"potions_floor_usage":[4,6,8],"damage_taken":[{"damage":1,"enemies":"Cultist","floor":1,"turns":3},{"damage":2,"enemies":"Jaw Worm","floor":2,"turns":4},{"damage":0,"enemies":"2 Louse","floor":3,"turns":2},{"damage":0,"enemies":"2 Fungi Beasts","floor":4,"turns":3},{"damage":1,"enemies":"Lots of Slimes","floor":5,"turns":3},{"damage":15,"enemies":"3 Sentries","floor":6,"turns":6},{"damage":0,"enemies":"Looter","floor":7,"turns":2},{"damage":20,"enemies":"Lagavulin","floor":8,"turns":3},{"damage":34,"enemies":"The Guardian","floor":16,"turns":11}],"seed_played":"-8375764961998146965","potions_obtained":[{"floor":0,"key":"Weak Potion"},{"floor":0,"key":"SteroidPotion"},{"floor":2,"key":"Block Potion"},{"floor":4,"key":"Energy Potion"},{"floor":5,"key":"Fire Potion"},{"floor":7,"key":"Ancient Potion"}],"is_trial":false,"path_per_floor":["M","M","M","M","M","E","M","E","T","?","R","?","R","?","R","B"],"character_chosen":"DEFECT","items_purchased":[],"campfire_rested":0,"item_purchase_floors":[],"current_hp_per_floor":[63,61,61,61,60,45,45,25,25,30,30,30,30,30,30,0],"gold":248,"neow_bonus":"THREE_SMALL_POTIONS","is_prod":false,"is_daily":false,"chose_seed":false,"campfire_upgraded":3,"win_rate":0,"timestamp":1549072622,"path_taken":["M","M","?","M","M","E","M","E","T","?","R","?","R","?","R","BOSS"],"build_version":"2019-01-23","purchased_purges":0,"victory":false,"max_hp_per_floor":[71,71,71,71,71,71,71,71,71,76,76,76,76,76,76,76],"card_choices":[{"not_picked":["Redo","Fusion"],"picked":"Steam","floor":1},{"not_picked":["Turbo","Recycle"],"picked":"Ball Lightning","floor":2},{"not_picked":["Streamline","Go for the Eyes"],"picked":"Sunder","floor":3},{"not_picked":["Reprogram","Hologram"],"picked":"Ball Lightning","floor":4},{"not_picked":["Sweeping Beam","Rip and Tear"],"picked":"Barrage","floor":5},{"not_picked":["Darkness","Doom and Gloom"],"picked":"Leap","floor":6},{"not_picked":["Ball Lightning","Meteor Strike"],"picked":"Compile Driver","floor":7},{"not_picked":["Gash","Coolheaded"],"picked":"Reinforced Body","floor":8}],"player_experience":763255,"relics_obtained":[{"floor":6,"key":"Cables"},{"floor":8,"key":"Lantern"},{"floor":9,"key":"Bird Faced Urn"},{"floor":14,"key":"Smiling Mask"}],"event_choices":[{"damage_healed":0,"gold_gain":0,"player_choice":"Donut","damage_taken":0,"max_hp_gain":5,"max_hp_loss":0,"event_name":"Big Fish","floor":10,"gold_loss":0},{"cards_removed":["Strike_B"],"damage_healed":0,"gold_gain":0,"player_choice":"Forget","damage_taken":0,"max_hp_gain":0,"max_hp_loss":0,"event_name":"Living Wall","floor":12,"gold_loss":0},{"damage_healed":0,"gold_gain":0,"player_choice":"Relic","damage_taken":0,"max_hp_gain":0,"max_hp_loss":0,"event_name":"Wheel of Change","floor":14,"gold_loss":0}],"is_beta":false,"boss_relics":[],"items_purged_floors":[],"is_endless":false,"potions_floor_spawned":[1,2,4,5,7],"killed_by":"The Guardian","ascension_level":20}