{"gold_per_floor":[112,130,130,130,130,130,142,142,192,192,49,65,65,65,65,168,168,182,170,170],"floor_reached":20,"playtime":1334,"items_purged":["Strike_B"],"score":162,"play_id":"c5a0e3a4-19a8-4892-9483-2421d1fd876e","local_time":"20180921110402","is_ascension_mode":false,"campfire_choices":[{"data":"Capacitor","floor":6,"key":"SMITH"},{"data":"Dualcast","floor":10,"key":"SMITH"},{"data":"Loop","floor":13,"key":"SMITH"},{"data":"Barrage","floor":15,"key":"SMITH"}],"neow_cost":"","seed_source_timestamp":638158051311944,"circlet_count":0,"master_deck":["Strike_B","Strike_B","Strike_B","Defend_B","Defend_B","Defend_B","Defend_B","Zap+1","Dualcast+1","Capacitor+1","Loop+1","Barrage+1","Machine Learning"],"relics":["Cracked Core","Lantern","Black Star"],"potions_floor_usage":[16,16],"damage_taken":[{"damage":0,"enemies":"2 Louse","floor":1,"turns":2},{"damage":5,"enemies":"Cultist","floor":2,"turns":4},{"damage":1,"enemies":"Jaw Worm","floor":7,"turns":4},{"damage":2,"enemies":"Blue Slaver","floor":12,"turns":4},{"damage":42,"enemies":"Hexaghost","floor":16,"turns":10},{"damage":32,"enemies":"3 Byrds","floor":18,"turns":6},{"damage":20,"enemies":"2 Thieves","floor":19,"turns":4},{"damage":28,"enemies":"Shelled Parasite and Fungi","floor":20,"turns":4}],"seed_played":"-839438362621516036","potions_obtained":[{"floor":4,"key":"Regen Potion"},{"floor":4,"key":"Energy Potion"},{"floor":4,"key":"EssenceOfSteel"},{"floor":16,"key":"Ancient Potion"},{"floor":19,"key":"Dexterity Potion"}],"is_trial":false,"path_per_floor":["M","M","?","?","?","R","M","?","T","R","$","M","R","$","R","B",null,"M","M"],"character_chosen":"DEFECT","items_purchased":["Loop"],"campfire_rested":0,"item_purchase_floors":[11],"current_hp_per_floor":[75,70,70,70,70,70,69,62,62,62,62,60,60,60,60,33,75,43,23,0],"gold":170,"neow_bonus":"","is_prod":false,"is_daily":false,"chose_seed":false,"campfire_upgraded":4,"win_rate":0.0,"timestamp":1537520642,"path_taken":["M","M","?","?","?","R","M","?","T","R","$","M","R","$","R","BOSS","M","M","M"],"build_version":"2018-09-20","purchased_purges":1,"victory":false,"max_hp_per_floor":[75,75,75,75,75,75,75,75,75,75,75,75,75,75,75,75,75,75,75,75],"card_choices":[{"not_picked":["Redo","Hello World"],"picked":"Capacitor","floor":1},{"not_picked":["Steam Power","BootSequence","Aggregate"],"picked":"SKIP","floor":2},{"not_picked":["Hologram","Go for the Eyes","Rip and Tear"],"picked":"SKIP","floor":7},{"not_picked":["Streamline","Conserve Battery"],"picked":"Barrage","floor":12},{"not_picked":["Biased Cognition","All For One"],"picked":"Machine Learning","floor":16},{"not_picked":["Hologram","Sweeping Beam","Gash"],"picked":"SKIP","floor":18},{"not_picked":["Scrape","Stack","Chaos+1"],"picked":"SKIP","floor":19}],"player_experience":117087,"relics_obtained":[{"floor":9,"key":"Lantern"}],"event_choices":[{"event_name":"Upgrade Shrine","player_choice":"Upgraded","floor":3,"damage_taken":0},{"event_name":"The Lab","player_choice":"Got Potions","floor":4,"damage_taken":0},{"event_name":"Liars Game","player_choice":"disagreed","floor":5,"damage_taken":0},{"event_name":"Wheel of Change","player_choice":"Damage","floor":8,"damage_taken":0}],"is_beta":false,"boss_relics":[{"not_picked":["Runic Dome","Velvet Choker"],"picked":"Black Star"}],"items_purged_floors":[11],"is_endless":false,"potions_floor_spawned":[12,16,19],"killed_by":"Shelled Parasite and Fungi","ascension_level":0}