{"gold_per_floor":[115,85,96,114,28,28,0,32,55,55,70,70,95,145,145,222,222,232,260,260,280,280,280,311,311,336,363,376,396,412,262,262,340,340,359,581,581,74,86,114,126,164,176,205,227,239,271,283,295,307,319],"floor_reached":51,"playtime":2876,"items_purged":["Strike_G","Strike_G"],"score":1681,"play_id":"7d253422-3a9a-4583-998d-0037805cf544","local_time":"20190213011920","is_ascension_mode":true,"campfire_choices":[{"data":"Noxious Fumes","floor":6.0,"key":"SMITH"},{"floor":10.0,"key":"REST"},{"data":"Footwork","floor":15.0,"key":"SMITH"},{"floor":23.0,"key":"REST"},{"floor":25.0,"key":"REST"},{"floor":32.0,"key":"REST"},{"floor":41.0,"key":"REST"},{"floor":49.0,"key":"REST"}],"neow_cost":"PERCENT_DAMAGE","seed_source_timestamp":2837738263834009,"circlet_count":0,"master_deck":["AscendersBane","Defend_G","Defend_G","Defend_G","Defend_G+1","Defend_G","Strike_G","Strike_G","Survivor+1","Neutralize","Footwork+1","Infinite Blades","Noxious Fumes+1","Deadly Poison","Leg Sweep","Backstab","Glass Knife","Footwork+1","Backflip","Setup","Noxious Fumes","Footwork","Burst","Well Laid Plans","Blur","Night Terror","PiercingWail","Well Laid Plans","Acrobatics","Catalyst","Backflip","Acrobatics"],"special_seed":0,"relics":["Ring of the Snake","Mango","Happy Flower","Bag of Preparation","War Paint","Fusion Hammer","Red Mask","Mercury Hourglass","Snake Skull","Tingsha","Busted Crown","Membership Card","Bronze Scales","Art of War","MawBank","Dream Catcher"],"potions_floor_usage":[],"damage_taken":[{"damage":15.0,"enemies":"Jaw Worm","floor":1.0,"turns":8.0},{"damage":0.0,"enemies":"Cultist","floor":3.0,"turns":6.0},{"damage":0.0,"enemies":"Small Slimes","floor":4.0,"turns":4.0},{"damage":1.0,"enemies":"Looter","floor":7.0,"turns":5.0},{"damage":16.0,"enemies":"3 Sentries","floor":8.0,"turns":8.0},{"damage":13.0,"enemies":"Red Slaver","floor":11.0,"turns":5.0},{"damage":20.0,"enemies":"Lagavulin","floor":13.0,"turns":8.0},{"damage":0.0,"enemies":"The Guardian","floor":16.0,"turns":10.0},{"damage":14.0,"enemies":"Spheric Guardian","floor":18.0,"turns":7.0},{"damage":30.0,"enemies":"Masked Bandits","floor":19.0,"turns":5.0},{"damage":0.0,"enemies":"3 Byrds","floor":21.0,"turns":8.0},{"damage":11.0,"enemies":"Slavers","floor":24.0,"turns":6.0},{"damage":24.0,"enemies":"Gremlin Leader","floor":27.0,"turns":6.0},{"damage":1.0,"enemies":"Sentry and Sphere","floor":28.0,"turns":5.0},{"damage":7.0,"enemies":"Snecko","floor":29.0,"turns":5.0},{"damage":3.0,"enemies":"Shelled Parasite and Fungi","floor":30.0,"turns":6.0},{"damage":0.0,"enemies":"Automaton","floor":33.0,"turns":11.0},{"damage":23.0,"enemies":"3 Darklings","floor":35.0,"turns":4.0},{"damage":9.0,"enemies":"3 Shapes","floor":39.0,"turns":4.0},{"damage":17.0,"enemies":"Reptomancer","floor":40.0,"turns":8.0},{"damage":0.0,"enemies":"Nemesis","floor":42.0,"turns":9.0},{"damage":0.0,"enemies":"Writhing Mass","floor":44.0,"turns":6.0},{"damage":0.0,"enemies":"4 Shapes","floor":45.0,"turns":4.0},{"damage":17.0,"enemies":"Jaw Worm Horde","floor":47.0,"turns":7.0},{"damage":41.0,"enemies":"Donu and Deca","floor":50.0,"turns":11.0},{"damage":16,"enemies":"Time Eater","floor":51,"turns":10}],"seed_played":"8916671151082039206","potions_obtained":[{"floor":2.0,"key":"Fire Potion"},{"floor":2.0,"key":"SpeedPotion"},{"floor":3.0,"key":"Poison Potion"},{"floor":13.0,"key":"Dexterity Potion"},{"floor":16.0,"key":"LiquidBronze"},{"floor":19.0,"key":"SpeedPotion"},{"floor":21.0,"key":"GhostInAJar"},{"floor":24.0,"key":"SteroidPotion"},{"floor":30.0,"key":"LiquidBronze"},{"floor":42.0,"key":"Ancient Potion"},{"floor":44.0,"key":"PowerPotion"}],"is_trial":false,"path_per_floor":["M","?","M","M","$","R","M","E","T","R","M","$","E","?","R","B",null,"M","?","?","M","?","R","E","R","T","E","M","M","M","$","R","B",null,"M","?","?","$","M","E","R","E","T","M","M","?","M","?","R","B","B"],"character_chosen":"THE_SILENT","items_purchased":["Noxious Fumes","Blur","Membership Card","PiercingWail","Bronze Scales","Art of War","Well Laid Plans"],"campfire_rested":6,"item_purchase_floors":[5,31,38,38,38,38,38],"current_hp_per_floor":[43,43,43,43,43,43,42,26,26,50,37,37,17,17,17,17,64,50,20,20,20,20,44,33,57,57,33,32,25,22,22,46,46,72,49,49,49,49,40,23,47,47,47,47,47,47,30,30,54,13,0],"gold":319,"neow_bonus":"ONE_RARE_RELIC","is_prod":false,"is_daily":false,"chose_seed":false,"campfire_upgraded":2,"win_rate":0,"timestamp":1550017160,"path_taken":["M","?","M","?","$","R","M","E","T","R","M","$","E","?","R","BOSS","M","?","?","M","?","R","E","R","T","E","M","?","M","$","R","BOSS","M","?","?","$","M","E","R","E","T","?","M","?","M","?","R","BOSS","BOSS"],"build_version":"2019-02-06","purchased_purges":2,"victory":false,"max_hp_per_floor":[80,80,80,80,80,80,80,80,80,80,80,80,80,80,80,80,80,80,80,80,80,80,80,80,80,80,80,80,80,80,80,80,80,80,80,80,80,80,80,80,80,80,80,80,80,80,80,80,80,80,80],"card_choices":[{"not_picked":["Dagger Throw","Deflect"],"picked":"Footwork","floor":1.0},{"not_picked":["Predator","Reflex"],"picked":"Infinite Blades","floor":3.0},{"not_picked":["Backflip","Acrobatics"],"picked":"Dagger Throw","floor":4.0},{"not_picked":["Escape Plan","Eviscerate"],"picked":"Deadly Poison","floor":7.0},{"not_picked":["Concentrate","Riddle With Holes","Masterful Stab"],"picked":"SKIP","floor":8.0},{"not_picked":["Acrobatics","Dodge and Roll"],"picked":"Leg Sweep","floor":11.0},{"not_picked":["Quick Slash","Sucker Punch"],"picked":"Backstab","floor":13.0},{"not_picked":["Storm of Steel","Night Terror"],"picked":"Glass Knife","floor":16.0},{"not_picked":["Caltrops","Quick Slash","Sucker Punch+1"],"picked":"SKIP","floor":18.0},{"not_picked":["Choke","Poisoned Stab"],"picked":"Footwork+1","floor":19.0},{"not_picked":["Bane","Dagger Throw"],"picked":"Backflip","floor":21.0},{"not_picked":["Backflip","Eviscerate+1"],"picked":"Noxious Fumes","floor":24.0},{"not_picked":["PiercingWail","Blur"],"picked":"Footwork","floor":27.0},{"not_picked":["Masterful Stab","Dagger Throw"],"picked":"Burst","floor":28.0},{"not_picked":["Flying Knee","Caltrops"],"picked":"Well Laid Plans","floor":29.0},{"not_picked":["Expertise+1","Dagger Throw+1","Blade Dance"],"picked":"SKIP","floor":30.0},{"not_picked":["Doppelganger","Storm of Steel"],"picked":"Night Terror","floor":33.0},{"not_picked":["Terror"],"picked":"SKIP","floor":35.0},{"not_picked":[],"picked":"Acrobatics","floor":39.0},{"not_picked":[],"picked":"Catalyst","floor":40.0},{"not_picked":[],"picked":"Backflip","floor":42.0},{"not_picked":["Blade Dance"],"picked":"SKIP","floor":44.0},{"not_picked":["Quick Slash"],"picked":"SKIP","floor":45.0},{"not_picked":["Deflect"],"picked":"SKIP","floor":47.0},{"not_picked":[],"picked":"Acrobatics","floor":49.0}],"player_experience":2995054,"relics_obtained":[{"floor":8.0,"key":"Happy Flower"},{"floor":9.0,"key":"Bag of Preparation"},{"floor":13.0,"key":"War Paint"},{"floor":19.0,"key":"Red Mask"},{"floor":24.0,"key":"Mercury Hourglass"},{"floor":26.0,"key":"Snake Skull"},{"floor":27.0,"key":"Tingsha"},{"floor":40.0,"key":"MawBank"},{"floor":42.0,"key":"Dream Catcher"}],"event_choices":[{"damage_healed":0.0,"max_hp_gain":0.0,"max_hp_loss":0.0,"gold_gain":0.0,"event_name":"The Woman in Blue","player_choice":"Bought 2 Potions","floor":2.0,"gold_loss":0.0,"damage_taken":0.0},{"damage_healed":0.0,"max_hp_gain":0.0,"max_hp_loss":0.0,"gold_gain":50.0,"event_name":"Golden Shrine","player_choice":"Pray","floor":14.0,"gold_loss":0.0,"damage_taken":0.0},{"damage_healed":0.0,"max_hp_gain":0.0,"max_hp_loss":0.0,"gold_gain":0.0,"event_name":"Masked Bandits","player_choice":"Fought Bandits","floor":19.0,"gold_loss":0.0,"damage_taken":0.0},{"damage_healed":0.0,"max_hp_gain":0.0,"max_hp_loss":0.0,"gold_gain":0.0,"event_name":"The Mausoleum","player_choice":"Ignored","floor":20.0,"gold_loss":0.0,"damage_taken":0.0},{"damage_healed":0.0,"max_hp_gain":0.0,"max_hp_loss":0.0,"gold_gain":0.0,"cards_transformed":["Strike_G"],"event_name":"Transmorgrifier","player_choice":"Transformed","floor":22.0,"gold_loss":0.0,"damage_taken":0.0,"cards_obtained":["Setup"]},{"damage_healed":0.0,"max_hp_gain":0.0,"max_hp_loss":0.0,"gold_gain":222.0,"event_name":"Tomb of Lord Red Mask","player_choice":"Wore Mask","floor":36.0,"gold_loss":0.0,"damage_taken":0.0},{"damage_healed":0.0,"max_hp_gain":0.0,"max_hp_loss":0.0,"gold_gain":0.0,"event_name":"FaceTrader","player_choice":"Leave","floor":37.0,"gold_loss":0.0,"damage_taken":0.0},{"damage_healed":0.0,"max_hp_gain":0.0,"max_hp_loss":0.0,"gold_gain":0.0,"event_name":"SensoryStone","player_choice":"Memory 1","floor":46.0,"gold_loss":0.0,"damage_taken":0.0},{"cards_removed":["Dagger Throw"],"damage_healed":0.0,"max_hp_gain":0.0,"max_hp_loss":0.0,"gold_gain":0.0,"event_name":"Falling","player_choice":"Removed Attack","floor":48.0,"gold_loss":0.0,"damage_taken":0.0}],"is_beta":true,"boss_relics":[{"not_picked":["Ring of the Serpent","Eternal Feather"],"picked":"Fusion Hammer"},{"not_picked":["White Beast Statue","WristBlade"],"picked":"Busted Crown"}],"items_purged_floors":[31,38],"is_endless":false,"potions_floor_spawned":[3,4,13,16,19,21,24,30,33,39,42,44,45],"killed_by":"Time Eater","ascension_level":20}