{"gold_per_floor":[119,119,131,148,148,148,176,251,251,251,261,261,279,14,14,119,119,134,148,163,163,133,133,133],"floor_reached":24,"playtime":810,"items_purged":["Strike_B"],"score":225,"play_id":"4bb6c125-9dad-4bcb-bd6d-0ff3837d0c89","local_time":"20190113172044","is_ascension_mode":true,"campfire_choices":[{"data":"Dualcast","floor":6.0,"key":"SMITH"},{"floor":10.0,"key":"REST"},{"data":"Zap","floor":12.0,"key":"SMITH"},{"floor":15.0,"key":"REST"},{"data":"Echo Form","floor":23,"key":"SMITH"}],"neow_cost":"NONE","seed_source_timestamp":0,"circlet_count":0,"master_deck":["Strike_B","Strike_B","Defend_B","Defend_B","Defend_B","Defend_B","Zap+1","Dualcast+1","Beam Cell","Gash","Ball Lightning","Core Surge","Hologram","Cold Snap","Capacitor","Echo Form+1","Gash+1","BootSequence+1"],"special_seed":0,"relics":["FrozenCore","NeowsBlessing","Blue Candle","Happy Flower","Omamori","Blood Vial"],"potions_floor_usage":[24,24,24],"damage_taken":[{"damage":0.0,"enemies":"2 Louse","floor":1.0,"turns":1.0},{"damage":0.0,"enemies":"Cultist","floor":3.0,"turns":1.0},{"damage":0.0,"enemies":"Jaw Worm","floor":4.0,"turns":1.0},{"damage":45.0,"enemies":"Lagavulin","floor":7.0,"turns":7.0},{"damage":7.0,"enemies":"Large Slime","floor":11.0,"turns":3.0},{"damage":21.0,"enemies":"Gremlin Gang","floor":13.0,"turns":3.0},{"damage":20.0,"enemies":"Hexaghost","floor":16.0,"turns":9.0},{"damage":11,"enemies":"Shell Parasite","floor":18,"turns":7},{"damage":38,"enemies":"3 Byrds","floor":19,"turns":5},{"damage":28,"enemies":"Snake Plant","floor":20,"turns":5},{"damage":29,"enemies":"Gremlin Leader","floor":24,"turns":4}],"seed_played":"7073565557731797797","potions_obtained":[{"floor":7.0,"key":"SpeedPotion"},{"floor":22,"key":"Swift Potion"},{"floor":22,"key":"SkillPotion"}],"is_trial":false,"path_per_floor":["M","?","M","M","?","R","E","?","T","R","M","R","M","$","R","B",null,"M","M","M","?","?","R","E"],"character_chosen":"DEFECT","items_purchased":["Capacitor","Blood Vial"],"campfire_rested":2,"item_purchase_floors":[14,14],"current_hp_per_floor":[75,75,75,75,68,68,23,16,16,38,31,31,10,10,32,14,75,64,28,2,27,27,27,0],"gold":133,"neow_bonus":"THREE_ENEMY_KILL","is_prod":false,"is_daily":false,"chose_seed":false,"campfire_upgraded":3,"win_rate":0,"timestamp":1547428844,"path_taken":["M","?","?","M","?","R","E","?","T","R","M","R","?","$","R","BOSS","M","M","M","?","?","R","E"],"build_version":"2019-01-10","purchased_purges":1,"victory":false,"max_hp_per_floor":[75,75,75,75,75,75,75,75,75,75,75,75,75,75,75,75,75,75,75,75,75,75,75,75],"card_choices":[{"not_picked":["Rebound","Stack"],"picked":"Beam Cell","floor":1.0},{"not_picked":["Compile Driver","Recycle","Undo"],"picked":"SKIP","floor":3.0},{"not_picked":["Coolheaded","Redo","Ball Lightning"],"picked":"SKIP","floor":4.0},{"not_picked":["Coolheaded","Redo"],"picked":"Ball Lightning","floor":4.0},{"not_picked":["Biased Cognition","White Noise"],"picked":"Core Surge","floor":7.0},{"not_picked":["White Noise","Chaos"],"picked":"Hologram","floor":11.0},{"not_picked":["Turbo","Lockon"],"picked":"Cold Snap","floor":13.0},{"not_picked":["Amplify","Machine Learning"],"picked":"Echo Form","floor":16.0},{"not_picked":["Sunder","Turbo"],"picked":"Gash+1","floor":18},{"not_picked":["Cold Snap","Storm"],"picked":"BootSequence+1","floor":19},{"not_picked":["Hologram","Turbo+1","Barrage"],"picked":"SKIP","floor":20}],"player_experience":169442,"relics_obtained":[{"floor":7.0,"key":"Happy Flower"},{"floor":9.0,"key":"Omamori"}],"event_choices":[{"damage_healed":0.0,"max_hp_gain":0.0,"max_hp_loss":0.0,"gold_gain":0.0,"cards_transformed":["Strike_B"],"event_name":"Transmorgrifier","player_choice":"Transformed","floor":2.0,"gold_loss":0.0,"damage_taken":0.0,"cards_obtained":["Gash"]},{"damage_healed":0.0,"max_hp_gain":0.0,"max_hp_loss":0.0,"gold_gain":0.0,"event_name":"Scrap Ooze","player_choice":"Success","floor":5.0,"gold_loss":0.0,"damage_taken":7.0,"relics_obtained":["Blue Candle"]},{"damage_healed":0.0,"max_hp_gain":0.0,"max_hp_loss":0.0,"gold_gain":75.0,"event_name":"FaceTrader","player_choice":"Touch","floor":8.0,"gold_loss":0.0,"damage_taken":7.0},{"damage_healed":25,"gold_gain":0,"player_choice":"Heal","damage_taken":0,"max_hp_gain":0,"max_hp_loss":0,"event_name":"The Library","floor":21,"gold_loss":0},{"damage_healed":0,"gold_gain":0,"player_choice":"Bought 2 Potions","damage_taken":0,"max_hp_gain":0,"max_hp_loss":0,"event_name":"The Woman in Blue","floor":22,"gold_loss":0}],"is_beta":false,"boss_relics":[{"not_picked":["Astrolabe","Cursed Key"],"picked":"FrozenCore"}],"items_purged_floors":[14],"is_endless":false,"potions_floor_spawned":[7],"killed_by":"Gremlin Leader","ascension_level":3}