{"gold_per_floor":[18,168,19,39,39,64,64,89,113,113,113,139,159,174,174,251,251,270,287,67,83,101,101,126,136,160,160,180,209,209,228,228,305,305,322,322,340,6,6,6,33,45,45,45,65,92,105,119,119,119],"floor_reached":51,"playtime":5434,"items_purged":["Doubt","Strike_R","Strike_R"],"score":1519,"play_id":"23675c11-5ba2-4838-9821-66edddcd52b6","local_time":"20190202064956","is_ascension_mode":true,"campfire_choices":[{"floor":7.0,"key":"REST"},{"floor":10.0,"key":"REST"},{"data":"Corruption","floor":15.0,"key":"SMITH"},{"data":"Demon Form","floor":23.0,"key":"SMITH"},{"data":"Body Slam","floor":27.0,"key":"SMITH"},{"data":"Armaments","floor":30.0,"key":"SMITH"},{"data":"Feel No Pain","floor":32.0,"key":"SMITH"},{"floor":40,"key":"REST"},{"data":"Inflame","floor":44,"key":"SMITH"},{"data":"Demon Form","floor":49,"key":"SMITH"}],"neow_cost":"NO_GOLD","seed_source_timestamp":560336073851391,"circlet_count":0,"master_deck":["AscendersBane","Strike_R","Strike_R","Strike_R","Defend_R","Defend_R+1","Defend_R+1","Defend_R","Bash+1","Corruption+1","Reaper","Shrug It Off","Feel No Pain+1","Sentinel","Sentinel+1","Body Slam","Demon Form+1","Seeing Red","Infernal Blade","Battle Trance","Body Slam+1","Exhume","Bludgeon","Warcry","Armaments+1","Shrug It Off+1","Body Slam","Fiend Fire","Body Slam+1","Madness","Madness","Pummel+1","Inflame+1","Shrug It Off","Fiend Fire","Pummel+1","Havoc+1","Demon Form+1","Body Slam+1"],"special_seed":0,"relics":["Burning Blood","Dead Branch","Dream Catcher","Pen Nib","Oddly Smooth Stone","Happy Flower","Sozu","Bag of Preparation","Boot","Potion Belt","Eternal Feather","War Paint","Lantern","Question Card","Meat on the Bone","Molten Egg 2"],"potions_floor_usage":[50,50],"damage_taken":[{"damage":11.0,"enemies":"Jaw Worm","floor":1.0,"turns":4.0},{"damage":0.0,"enemies":"Small Slimes","floor":4.0,"turns":4.0},{"damage":20.0,"enemies":"Lagavulin","floor":6.0,"turns":6.0},{"damage":36.0,"enemies":"Gremlin Nob","floor":8.0,"turns":5.0},{"damage":0.0,"enemies":"Lagavulin","floor":12.0,"turns":6.0},{"damage":9.0,"enemies":"2 Louse","floor":13.0,"turns":2.0},{"damage":10.0,"enemies":"Blue Slaver","floor":14.0,"turns":3.0},{"damage":33.0,"enemies":"Hexaghost","floor":16.0,"turns":5.0},{"damage":7.0,"enemies":"2 Thieves","floor":18.0,"turns":3.0},{"damage":12.0,"enemies":"Shell Parasite","floor":19.0,"turns":3.0},{"damage":0.0,"enemies":"Centurion and Healer","floor":21.0,"turns":3.0},{"damage":26.0,"enemies":"Cultist and Chosen","floor":22.0,"turns":5.0},{"damage":18.0,"enemies":"Gremlin Leader","floor":24.0,"turns":7.0},{"damage":0.0,"enemies":"Snake Plant","floor":25.0,"turns":1.0},{"damage":6.0,"enemies":"Shelled Parasite and Fungi","floor":28.0,"turns":1.0},{"damage":25.0,"enemies":"Book of Stabbing","floor":29.0,"turns":5.0},{"damage":11.0,"enemies":"Centurion and Healer","floor":31.0,"turns":3.0},{"damage":46.0,"enemies":"Champ","floor":33.0,"turns":8.0},{"damage":0.0,"enemies":"Orb Walker","floor":35.0,"turns":3.0},{"damage":36.0,"enemies":"3 Darklings","floor":37.0,"turns":4.0},{"damage":2,"enemies":"Giant Head","floor":41,"turns":5},{"damage":0,"enemies":"Sphere and 2 Shapes","floor":42,"turns":4},{"damage":0,"enemies":"4 Shapes","floor":45,"turns":2},{"damage":16,"enemies":"Reptomancer","floor":46,"turns":4},{"damage":0,"enemies":"Transient","floor":47,"turns":6},{"damage":8,"enemies":"Spire Growth","floor":48,"turns":3},{"damage":15,"enemies":"Time Eater","floor":50,"turns":6}],"seed_played":"1498292213475609375","potions_obtained":[{"floor":4.0,"key":"Explosive Potion"},{"floor":8.0,"key":"PowerPotion"},{"floor":14.0,"key":"Strength Potion"}],"is_trial":false,"path_per_floor":["M","?","$","M","?","E","R","E","T","R","?","E","M","M","R","B",null,"M","M","$","M","M","R","E","M","T","R","M","E","R","M","R","B",null,"M","?","M","$","T","R","E","M","T","R","M","E","M","M","R","B",null],"character_chosen":"IRONCLAD","items_purchased":["Corruption","Infernal Blade","Battle Trance","Inflame","War Paint"],"campfire_rested":3,"item_purchase_floors":[3,20,20,38,38],"current_hp_per_floor":[63,63,63,69,46,32,54,24,24,46,46,64,69,65,65,48,68,75,69,69,75,55,55,63,69,69,69,69,56,56,57,57,22,62,75,61,31,31,31,71,75,75,75,75,75,65,75,73,75,75],"gold":119,"neow_bonus":"ONE_RARE_RELIC","is_prod":false,"is_daily":false,"chose_seed":false,"campfire_upgraded":7,"win_rate":0,"timestamp":1549108196,"path_taken":["M","?","$","M","?","E","R","E","T","R","?","E","?","M","R","BOSS","M","M","$","M","M","R","E","?","T","R","M","E","R","M","R","BOSS","M","?","M","$","?","R","E","?","T","R","M","E","M","M","R","BOSS"],"build_version":"2019-01-23","purchased_purges":3,"victory":true,"max_hp_per_floor":[75,75,75,75,75,75,75,75,75,75,75,75,75,75,75,75,75,75,75,75,75,75,75,75,75,75,75,75,75,75,75,75,75,75,75,75,75,75,75,75,75,75,75,75,75,75,75,75,75,75],"card_choices":[{"not_picked":["Perfected Strike","Flex","Clash"],"picked":"SKIP","floor":1.0},{"not_picked":["Rage","Twin Strike","Sword Boomerang"],"picked":"SKIP","floor":4.0},{"not_picked":["Uppercut","Heavy Blade"],"picked":"Reaper","floor":6.0},{"not_picked":["Intimidate","Disarm"],"picked":"Shrug It Off","floor":7.0},{"not_picked":["Fiend Fire","Sword Boomerang"],"picked":"Feel No Pain","floor":8.0},{"not_picked":["Pommel Strike","Dropkick"],"picked":"Sentinel","floor":10.0},{"not_picked":["Twin Strike","Heavy Blade"],"picked":"Sentinel","floor":12.0},{"not_picked":["Dual Wield","Bloodletting","Anger"],"picked":"SKIP","floor":13.0},{"not_picked":["Headbutt","Thunderclap"],"picked":"Body Slam","floor":14.0},{"not_picked":["Berserk","Immolate"],"picked":"Demon Form","floor":16.0},{"not_picked":["Havoc","Heavy Blade"],"picked":"Seeing Red","floor":18.0},{"not_picked":["Cleave","Thunderclap","Twin Strike"],"picked":"SKIP","floor":19.0},{"not_picked":["Havoc","Iron Wave+1"],"picked":"Body Slam","floor":21.0},{"not_picked":["True Grit","Dropkick+1"],"picked":"Exhume","floor":22.0},{"not_picked":["Flex","Intimidate"],"picked":"Bludgeon","floor":24.0},{"not_picked":["Iron Wave","True Grit"],"picked":"Warcry","floor":25.0},{"not_picked":["Rage","Thunderclap"],"picked":"Armaments","floor":28.0},{"not_picked":["Iron Wave","Rupture"],"picked":"Shrug It Off+1","floor":29.0},{"not_picked":["Armaments","Bloodletting+1"],"picked":"Body Slam","floor":31.0},{"not_picked":["Immolate","Barricade"],"picked":"Fiend Fire","floor":33.0},{"not_picked":["Heavy Blade","Cleave"],"picked":"Body Slam+1","floor":35.0},{"not_picked":["Havoc","Cleave"],"picked":"Pummel+1","floor":37.0},{"not_picked":["Cleave","Iron Wave+1"],"picked":"Shrug It Off","floor":40},{"not_picked":["Fire Breathing","Perfected Strike"],"picked":"Fiend Fire","floor":41},{"not_picked":["Armaments","Corruption","Heavy Blade"],"picked":"Pummel+1","floor":42},{"not_picked":["Armaments+1","Fire Breathing","True Grit"],"picked":"Havoc+1","floor":45},{"not_picked":["Rage","Pommel Strike","Disarm"],"picked":"Demon Form","floor":46},{"not_picked":["Iron Wave+1","Perfected Strike+1","Armaments"],"picked":"Body Slam+1","floor":47},{"not_picked":["Clothesline+1","Burning Pact","Disarm","Berserk"],"picked":"SKIP","floor":48}],"player_experience":976302,"relics_obtained":[{"floor":6.0,"key":"Dream Catcher"},{"floor":8.0,"key":"Pen Nib"},{"floor":9.0,"key":"Oddly Smooth Stone"},{"floor":12.0,"key":"Happy Flower"},{"floor":24.0,"key":"Bag of Preparation"},{"floor":26.0,"key":"Boot"},{"floor":29.0,"key":"Potion Belt"},{"floor":39,"key":"Lantern"},{"floor":41,"key":"Question Card"},{"floor":43,"key":"Meat on the Bone"},{"floor":46,"key":"Molten Egg 2"}],"event_choices":[{"damage_healed":0.0,"max_hp_gain":0.0,"max_hp_loss":0.0,"gold_gain":150.0,"event_name":"Liars Game","player_choice":"AGREE","floor":2.0,"gold_loss":0.0,"damage_taken":0.0,"cards_obtained":["Doubt"]},{"damage_healed":0.0,"max_hp_gain":0.0,"max_hp_loss":0.0,"gold_gain":0.0,"event_name":"Shining Light","player_choice":"Entered Light","floor":5.0,"gold_loss":0.0,"damage_taken":23.0,"cards_upgraded":["Bash","Defend_R"]},{"damage_healed":0.0,"max_hp_gain":0.0,"max_hp_loss":0.0,"gold_gain":0.0,"event_name":"Scrap Ooze","player_choice":"Fled","floor":11.0,"gold_loss":0.0,"damage_taken":0.0},{"damage_healed":0.0,"max_hp_gain":0.0,"max_hp_loss":0.0,"gold_gain":0.0,"event_name":"Winding Halls","player_choice":"Embrace Madness","floor":36.0,"gold_loss":0.0,"damage_taken":14.0,"cards_obtained":["Madness","Madness"]}],"is_beta":false,"boss_relics":[{"not_picked":["Mark of Pain","Empty Cage"],"picked":"Sozu"},{"not_picked":["Tiny House","Black Star"],"picked":"Eternal Feather"}],"items_purged_floors":[3,20,38],"is_endless":false,"potions_floor_spawned":[4,8,14,16,18,21,25,28,31,35,37,42,47],"ascension_level":17}