{"gold_per_floor":[363,65,78,93,93,93,118,138,220,248,260,295,295,37,37,138,138,124,224,499,512,153,153,179,104,104,134,149,149,162,176,176,279,279,298,398,15,15,0,29,41,65,77,89,101,125,137,149,161,173,185,197,31,65,65],"floor_reached":56,"playtime":3745,"items_purged":["Pain","Strike_R","Regret"],"score":1283,"play_id":"853f3b04-320e-42c6-9027-a7ff76f2042a","local_time":"20190114204725","is_ascension_mode":false,"campfire_choices":[{"data":"Armaments","floor":6.0,"key":"SMITH"},{"data":"Uppercut","floor":13,"key":"SMITH"},{"floor":15,"key":"DIG"},{"data":"Flame Barrier","floor":23,"key":"SMITH"},{"data":"Shockwave","floor":29,"key":"SMITH"},{"floor":32,"key":"DIG"},{"floor":41,"key":"RECALL"},{"data":"Barricade","floor":44,"key":"SMITH"},{"floor":47,"key":"DIG"},{"floor":49,"key":"DIG"},{"floor":52,"key":"DIG"}],"neow_cost":"CURSE","seed_source_timestamp":0,"circlet_count":0,"master_deck":["Strike_R","Strike_R","Strike_R","Defend_R","Defend_R+1","Defend_R","Bash","Armaments+1","Carnage","Shrug It Off","Cleave","Shrug It Off","Body Slam","Pommel Strike","Uppercut+1","Metallicize","Reaper","Shockwave+1","Battle Trance","Flame Barrier+1","Disarm","Flame Barrier+1","Barricade+1","Metallicize"],"special_seed":0,"relics":["Burning Blood","Orichalcum","Shovel","Kunai","War Paint","Turnip","Pear","Juzu Bracelet","Cursed Key","Pocketwatch","Darkstone Periapt","Omamori","Happy Flower","Blue Candle","Unceasing Top","Sundial","Philosopher\u0027s Stone","StoneCalendar","Bottled Lightning","Red Mask","MawBank","Red Skull","Bronze Scales","Letter Opener","Incense Burner"],"potions_floor_usage":[24,24,33,33,48,54,55,55,55,55],"damage_taken":[{"damage":9.0,"enemies":"Jaw Worm","floor":1.0,"turns":4.0},{"damage":1.0,"enemies":"Cultist","floor":3.0,"turns":3.0},{"damage":0.0,"enemies":"Small Slimes","floor":4.0,"turns":3.0},{"damage":27.0,"enemies":"3 Sentries","floor":7.0,"turns":7.0},{"damage":6.0,"enemies":"Blue Slaver","floor":8.0,"turns":4.0},{"damage":20.0,"enemies":"Lagavulin","floor":10.0,"turns":5.0},{"damage":6.0,"enemies":"2 Fungi Beasts","floor":11.0,"turns":3.0},{"damage":7,"enemies":"3 Sentries","floor":12,"turns":8},{"damage":20,"enemies":"The Guardian","floor":16,"turns":12},{"damage":12,"enemies":"2 Thieves","floor":18,"turns":4},{"damage":3,"enemies":"Colosseum Slavers","floor":19,"turns":6},{"damage":18,"enemies":"Colosseum Nobs","floor":19,"turns":6},{"damage":5,"enemies":"Shell Parasite","floor":21,"turns":6},{"damage":30,"enemies":"Slavers","floor":24,"turns":5},{"damage":25,"enemies":"Gremlin Leader","floor":27,"turns":8},{"damage":5,"enemies":"Snake Plant","floor":28,"turns":3},{"damage":3,"enemies":"Snecko","floor":30,"turns":5},{"damage":6,"enemies":"3 Cultists","floor":31,"turns":5},{"damage":30,"enemies":"Collector","floor":33,"turns":12},{"damage":2,"enemies":"3 Darklings","floor":35,"turns":6},{"damage":30,"enemies":"Mind Bloom Boss Battle","floor":36,"turns":7},{"damage":2,"enemies":"Nemesis","floor":40,"turns":7},{"damage":0,"enemies":"3 Shapes","floor":42,"turns":7},{"damage":6,"enemies":"3 Darklings","floor":46,"turns":7},{"damage":0,"enemies":"Jaw Worm Horde","floor":48,"turns":2},{"damage":25,"enemies":"Awakened One","floor":50,"turns":14},{"damage":21,"enemies":"Shield and Spear","floor":54,"turns":10},{"damage":41,"enemies":"The Heart","floor":55,"turns":11}],"seed_played":"-9002816320200406154","potions_obtained":[{"floor":1.0,"key":"BloodPotion"},{"floor":3.0,"key":"Block Potion"},{"floor":4.0,"key":"PowerPotion"},{"floor":5.0,"key":"EntropicBrew"},{"floor":10.0,"key":"Strength Potion"},{"floor":19,"key":"Fire Potion"},{"floor":24,"key":"Explosive Potion"},{"floor":30,"key":"Regen Potion"},{"floor":33,"key":"Dexterity Potion"},{"floor":35,"key":"EssenceOfSteel"},{"floor":42,"key":"SmokeBomb"}],"is_trial":false,"path_per_floor":["M","$","M","M","?","R","E","M","T","E","M","E","R","$","R","B",null,"M","?","?","M","$","R","E","?","T","E","M","R","M","M","R","B",null,"M","?","$","?","?","E","R","M","T","R","?","M","R","M","R","B",null,"R","$","E","B",null],"character_chosen":"IRONCLAD","items_purchased":["Orichalcum","Carnage","Pear","Flame Barrier","Disarm","Omamori","Bottled Lightning","Metallicize","EntropicBrew"],"campfire_rested":0,"item_purchase_floors":[2,2,14,22,22,22,37,53,53],"current_hp_per_floor":[77,77,80,80,80,80,67,67,67,53,53,52,52,62,62,48,90,84,78,84,85,85,85,88,88,88,75,76,76,79,91,91,73,96,96,72,72,72,72,82,82,88,88,88,88,96,96,96,96,77,96,96,96,88,53],"gold":65,"neow_bonus":"TWO_FIFTY_GOLD","is_prod":false,"is_daily":false,"chose_seed":false,"campfire_upgraded":5,"win_rate":0,"timestamp":1547527645,"path_taken":["M","$","M","M","?","R","E","M","T","E","?","E","R","?","R","BOSS","M","?","?","M","$","R","E","?","T","E","M","R","M","M","R","BOSS","M","?","$","?","?","E","R","M","T","R","?","M","R","M","R","BOSS","R","$","E","BOSS"],"build_version":"2019-01-10","purchased_purges":3,"victory":true,"max_hp_per_floor":[80,80,80,80,80,80,80,80,80,80,80,80,80,90,90,90,90,90,90,96,96,96,96,96,96,96,96,96,96,96,96,96,96,96,96,96,96,96,96,96,96,96,96,96,96,96,96,96,96,96,96,96,96,96,96],"card_choices":[{"not_picked":["Warcry","Body Slam"],"picked":"Armaments","floor":1.0},{"not_picked":["Entrench","Heavy Blade"],"picked":"Shrug It Off","floor":3.0},{"not_picked":["Double Tap","Hemokinesis"],"picked":"Cleave","floor":4.0},{"not_picked":["True Grit","Demon Form"],"picked":"Shrug It Off","floor":7.0},{"not_picked":["Wild Strike","Rampage"],"picked":"Body Slam","floor":8.0},{"not_picked":["Thunderclap","Havoc"],"picked":"Pommel Strike","floor":10.0},{"not_picked":["Entrench","Armaments"],"picked":"Uppercut","floor":11},{"not_picked":["Heavy Blade","Cleave"],"picked":"Metallicize","floor":12},{"not_picked":["Exhume","Limit Break"],"picked":"Reaper","floor":16},{"not_picked":["Blood for Blood","Anger"],"picked":"Shockwave","floor":18},{"not_picked":["Rage+1","True Grit+1"],"picked":"Battle Trance","floor":19},{"not_picked":["Pummel","Flex+1","Infernal Blade"],"picked":"SKIP","floor":21},{"not_picked":["Double Tap","Spot Weakness","Pommel Strike"],"picked":"SKIP","floor":24},{"not_picked":["Dark Embrace","Perfected Strike+1"],"picked":"Flame Barrier+1","floor":27},{"not_picked":["Shrug It Off","Armaments","Headbutt"],"picked":"SKIP","floor":28},{"not_picked":["Heavy Blade","Dropkick+1","Second Wind"],"picked":"SKIP","floor":30},{"not_picked":["Pommel Strike","Anger","Hemokinesis"],"picked":"SKIP","floor":31},{"not_picked":["Immolate","Demon Form"],"picked":"Barricade","floor":33},{"not_picked":["Body Slam","Clash+1","Clothesline"],"picked":"SKIP","floor":35},{"not_picked":["Sword Boomerang","Iron Wave+1","Burning Pact"],"picked":"SKIP","floor":40},{"not_picked":["Battle Trance+1","Warcry+1","Clash"],"picked":"SKIP","floor":42},{"not_picked":["Flex+1","Limit Break","Perfected Strike"],"picked":"SKIP","floor":46},{"not_picked":["Pummel+1","Sever Soul+1","Sword Boomerang+1"],"picked":"SKIP","floor":54}],"player_experience":177067,"relics_obtained":[{"floor":7.0,"key":"Shovel"},{"floor":9.0,"key":"Kunai"},{"floor":10.0,"key":"War Paint"},{"floor":12,"key":"Turnip"},{"floor":15,"key":"Juzu Bracelet"},{"floor":19,"key":"Pocketwatch"},{"floor":19,"key":"Darkstone Periapt"},{"floor":24,"key":"Happy Flower"},{"floor":26,"key":"Blue Candle"},{"floor":27,"key":"Unceasing Top"},{"floor":32,"key":"Sundial"},{"floor":36,"key":"StoneCalendar"},{"floor":40,"key":"MawBank"},{"floor":47,"key":"Red Skull"},{"floor":49,"key":"Bronze Scales"},{"floor":52,"key":"Letter Opener"},{"floor":54,"key":"Incense Burner"}],"event_choices":[{"damage_healed":0.0,"max_hp_gain":0.0,"max_hp_loss":0.0,"gold_gain":0.0,"event_name":"Lab","player_choice":"Got Potions","floor":5.0,"gold_loss":0.0,"damage_taken":0.0},{"damage_healed":0,"gold_gain":0,"player_choice":"Fight","damage_taken":0,"max_hp_gain":0,"max_hp_loss":0,"event_name":"Colosseum","floor":19,"gold_loss":0},{"damage_healed":0,"gold_gain":0,"player_choice":"Fought Nobs","damage_taken":0,"max_hp_gain":0,"max_hp_loss":0,"event_name":"Colosseum","floor":19,"gold_loss":0},{"damage_healed":0,"gold_gain":275,"player_choice":"Desecrate","damage_taken":0,"max_hp_gain":0,"max_hp_loss":0,"event_name":"Golden Shrine","floor":20,"gold_loss":0,"cards_obtained":["Regret"]},{"cards_removed":["Strike_R"],"damage_healed":0,"gold_gain":0,"player_choice":"Gave Gold","damage_taken":0,"max_hp_gain":0,"max_hp_loss":0,"event_name":"Beggar","floor":25,"gold_loss":75},{"damage_healed":0,"gold_gain":0,"player_choice":"Fight","damage_taken":0,"max_hp_gain":0,"max_hp_loss":0,"event_name":"MindBloom","floor":36,"gold_loss":0},{"damage_healed":0,"gold_gain":0,"player_choice":"Ignored","damage_taken":0,"max_hp_gain":0,"max_hp_loss":0,"event_name":"Mysterious Sphere","floor":38,"gold_loss":0},{"damage_healed":0,"gold_gain":0,"player_choice":"Paid","damage_taken":0,"relics_obtained":["Red Mask"],"max_hp_gain":0,"max_hp_loss":0,"event_name":"Tomb of Lord Red Mask","floor":39,"gold_loss":15},{"cards_removed":["Defend_R"],"damage_healed":0,"gold_gain":0,"player_choice":"Removed Skill","damage_taken":0,"max_hp_gain":0,"max_hp_loss":0,"event_name":"Falling","floor":45,"gold_loss":0}],"is_beta":false,"boss_relics":[{"not_picked":["Fusion Hammer","White Beast Statue"],"picked":"Cursed Key"},{"not_picked":["Black Blood","Orrery"],"picked":"Philosopher\u0027s Stone"}],"items_purged_floors":[2,22,37],"is_endless":false,"potions_floor_spawned":[1,3,4,10,16,19,24,30,31,33,35,36,42,48],"ascension_level":0}