{"gold_per_floor":[111,127,127,127,139,201,151,164,164,180,206,222,235,262,262,357,357,357,357,357,357,357,357,389,389,389,136,136,151,177,188,188,188],"floor_reached":33,"playtime":1379,"items_purged":["Pain"],"score":314,"play_id":"955f62ea-b6f8-4147-b281-83ad239e16b9","local_time":"20190106183020","is_ascension_mode":true,"campfire_choices":[{"data":"Defragment","floor":15,"key":"SMITH"},{"data":"Decay","floor":23,"key":"PURGE"},{"floor":25,"key":"REST"},{"data":"Echo Form","floor":28,"key":"SMITH"},{"floor":32,"key":"REST"}],"neow_cost":"NONE","seed_source_timestamp":1468023021625658,"circlet_count":0,"master_deck":["Defend_B","Defend_B","Defend_B","Defend_B","Zap+1","Dualcast","Coolheaded","Skim","Genetic Algorithm","Beam Cell","Defragment+1","Ball Lightning","Leap","Barrage","Echo Form+1","Injury","Pain","Bite","Bite","Bite","Bite","Bite","Sweeping Beam","Go for the Eyes","Leap+1","Static Discharge+1","Cold Snap+1","Loop+1"],"relics":["Cracked Core","NeowsBlessing","Tiny Chest","Bottled Lightning","Strawberry","StoneCalendar","Calling Bell","PreservedInsect","Toxic Egg 2","Peace Pipe","Boot","Frozen Egg 2","Mummified Hand","Dream Catcher"],"potions_floor_usage":[6,14,16,18,24],"damage_taken":[{"damage":0,"enemies":"Small Slimes","floor":1,"turns":1},{"damage":0,"enemies":"Jaw Worm","floor":2,"turns":1},{"damage":0,"enemies":"Cultist","floor":5,"turns":1},{"damage":18,"enemies":"3 Sentries","floor":6,"turns":9},{"damage":0,"enemies":"Looter","floor":8,"turns":3},{"damage":4,"enemies":"Blue Slaver","floor":10,"turns":3},{"damage":6,"enemies":"Red Slaver","floor":12,"turns":3},{"damage":1,"enemies":"2 Fungi Beasts","floor":13,"turns":4},{"damage":9,"enemies":"Gremlin Nob","floor":14,"turns":3},{"damage":16,"enemies":"Hexaghost","floor":16,"turns":8},{"damage":14,"enemies":"Spheric Guardian","floor":18,"turns":5},{"damage":58,"enemies":"Book of Stabbing","floor":24,"turns":7},{"damage":12,"enemies":"3 Byrds","floor":29,"turns":3},{"damage":21,"enemies":"Snake Plant","floor":31,"turns":3},{"damage":43,"enemies":"Champ","floor":33,"turns":7}],"seed_played":"-7935088064786812653","potions_obtained":[{"floor":1,"key":"Weak Potion"},{"floor":2,"key":"Fruit Juice"},{"floor":6,"key":"Weak Potion"},{"floor":12,"key":"SmokeBomb"},{"floor":14,"key":"Poison Potion"}],"is_trial":false,"path_per_floor":["M","M","?","?","M","E","?","M","T","M","T","M","M","E","R","B",null,"M","T","?","?","?","R","E","R","T","$","R","M","T","M","R","B"],"character_chosen":"DEFECT","items_purchased":["Go for the Eyes","Leap+1","Static Discharge+1"],"campfire_rested":2,"item_purchase_floors":[27,27,27],"current_hp_per_floor":[75,75,75,75,75,62,62,62,62,58,65,59,58,49,49,33,87,73,73,73,73,60,60,12,30,30,30,30,22,22,7,25,0],"gold":188,"neow_bonus":"THREE_ENEMY_KILL","is_prod":false,"is_daily":false,"chose_seed":false,"campfire_upgraded":2,"win_rate":0,"timestamp":1546828220,"path_taken":["M","M","?","?","?","E","?","M","T","M","?","M","M","E","R","BOSS","M","?","?","?","?","R","E","R","T","$","R","M","?","M","R","BOSS"],"build_version":"2019-01-03v4","purchased_purges":1,"victory":false,"max_hp_per_floor":[75,75,75,75,75,80,80,80,80,80,87,87,87,87,87,87,87,87,87,87,87,60,60,60,60,60,60,60,60,60,60,60,60],"card_choices":[{"not_picked":["Aggregate","Auto Shields"],"picked":"Coolheaded","floor":1},{"not_picked":["Double Energy","Reprogram"],"picked":"Skim","floor":2},{"not_picked":["Conserve Battery","Stack"],"picked":"Genetic Algorithm","floor":5},{"not_picked":["Chaos","Blizzard"],"picked":"Beam Cell","floor":6},{"not_picked":["Stack","Steam","Beam Cell"],"picked":"SKIP","floor":8},{"not_picked":["Gash","Stack"],"picked":"Defragment","floor":10},{"not_picked":["Sunder","Redo"],"picked":"Ball Lightning","floor":12},{"not_picked":["Undo","Meteor Strike"],"picked":"Leap","floor":13},{"not_picked":["Steam","Beam Cell"],"picked":"Barrage","floor":14},{"not_picked":["Buffer","Meteor Strike"],"picked":"Echo Form","floor":16},{"not_picked":["Chill+1","Streamline"],"picked":"Sweeping Beam","floor":24},{"not_picked":["Turbo+1","FTL","Gash"],"picked":"SKIP","floor":29},{"not_picked":["Steam+1","Steam Power+1"],"picked":"Cold Snap+1","floor":31},{"not_picked":["Turbo+1","Core Surge"],"picked":"Loop+1","floor":32}],"player_experience":101705,"relics_obtained":[{"floor":6,"key":"Tiny Chest"},{"floor":9,"key":"Bottled Lightning"},{"floor":11,"key":"Strawberry"},{"floor":14,"key":"StoneCalendar"},{"floor":17,"key":"PreservedInsect"},{"floor":17,"key":"Toxic Egg 2"},{"floor":17,"key":"Peace Pipe"},{"floor":19,"key":"Boot"},{"floor":24,"key":"Frozen Egg 2"},{"floor":26,"key":"Mummified Hand"},{"floor":30,"key":"Dream Catcher"}],"event_choices":[{"damage_healed":0,"gold_gain":0,"player_choice":"Grow","damage_taken":0,"max_hp_gain":0,"max_hp_loss":0,"event_name":"Living Wall","floor":3,"gold_loss":0,"cards_upgraded":["Zap"]},{"damage_healed":0,"gold_gain":0,"cards_transformed":["Strike_B"],"player_choice":"Transformed","damage_taken":0,"max_hp_gain":0,"max_hp_loss":0,"event_name":"Transmorgrifier","floor":4,"gold_loss":0,"cards_obtained":["Scrape"]},{"cards_removed":["Scrape"],"damage_healed":0,"gold_gain":0,"player_choice":"Card Removal","damage_taken":0,"max_hp_gain":0,"max_hp_loss":0,"event_name":"The Cleric","floor":7,"gold_loss":50},{"damage_healed":0,"gold_gain":0,"player_choice":"Ignored","damage_taken":0,"max_hp_gain":0,"max_hp_loss":0,"event_name":"Cursed Tome","floor":20,"gold_loss":0},{"damage_healed":0,"gold_gain":0,"player_choice":"Smashed Altar","damage_taken":0,"max_hp_gain":0,"max_hp_loss":0,"event_name":"Forgotten Altar","floor":21,"gold_loss":0,"cards_obtained":["Decay"]},{"damage_healed":0,"gold_gain":0,"player_choice":"Became a vampire","damage_taken":0,"max_hp_gain":0,"max_hp_loss":27,"event_name":"Vampires","floor":22,"gold_loss":0,"cards_obtained":["Bite","Bite","Bite","Bite","Bite"]}],"is_beta":false,"boss_relics":[{"not_picked":["Empty Cage","White Beast Statue"],"picked":"Calling Bell"}],"items_purged_floors":[27],"is_endless":false,"potions_floor_spawned":[1,2,6,12,13,14,18],"killed_by":"Champ","ascension_level":1}