{"gold_per_floor":[119,132,132,2,22,51,63,63,145,145,161,5,31,43,43,140,140,153,6,17,17,17,47,47,47,71,91,41,53,53,53,53,158,158,169,19,35,49,49,82,82,110,110,110,130,150,0,10,10,10],"floor_reached":51,"playtime":2493,"items_purged":[],"score":1117,"play_id":"01d6a2ba-9f7e-4f8f-9c89-c03fc37af0f1","local_time":"20190210224048","is_ascension_mode":true,"campfire_choices":[{"data":"Sweeping Beam","floor":8,"key":"SMITH"},{"data":"Streamline","floor":10,"key":"SMITH"},{"floor":15,"key":"REST"},{"data":"Go for the Eyes","floor":25,"key":"SMITH"},{"floor":30,"key":"REST"},{"floor":32,"key":"REST"},{"floor":41,"key":"REST"},{"data":"Defragment","floor":44,"key":"SMITH"},{"floor":49,"key":"REST"}],"neow_cost":"NONE","seed_source_timestamp":96434399979000,"circlet_count":0,"master_deck":["Strike_B","Strike_B","Defend_B","Defend_B","Defend_B","Defend_B","Zap","Dualcast","Barrage","Rip and Tear","Defragment+1","Streamline+1","Conserve Battery","Sweeping Beam+1","Go for the Eyes+1","Ball Lightning","BootSequence","Electrodynamics","Cold Snap","Consume","Capacitor","Leap","Echo Form","Fusion+1","Leap","Seek","Reinforced Body+1","Hologram","Ball Lightning"],"relics":["FrozenCore","Blood Vial","Emotion Chip","Letter Opener","DataDisk","PreservedInsect","Inserter","Ancient Tea Set","Bag of Preparation","Anchor","Art of War","Bag of Marbles","Meat on the Bone","Red Mask"],"potions_floor_usage":[5,6,14,20,33,37,40,40,40,50,50,50],"damage_taken":[{"damage":7,"enemies":"Jaw Worm","floor":1,"turns":3},{"damage":1,"enemies":"Cultist","floor":2,"turns":3},{"damage":7,"enemies":"Small Slimes","floor":5,"turns":2},{"damage":30,"enemies":"Gremlin Nob","floor":6,"turns":4},{"damage":4,"enemies":"2 Fungi Beasts","floor":7,"turns":3},{"damage":8,"enemies":"Blue Slaver","floor":11,"turns":3},{"damage":8,"enemies":"3 Sentries","floor":13,"turns":6},{"damage":0,"enemies":"Gremlin Gang","floor":14,"turns":2},{"damage":0,"enemies":"Slime Boss","floor":16,"turns":5},{"damage":11,"enemies":"Shell Parasite","floor":18,"turns":4},{"damage":13,"enemies":"2 Thieves","floor":20,"turns":4},{"damage":24,"enemies":"Slavers","floor":23,"turns":2},{"damage":14,"enemies":"Sentry and Sphere","floor":27,"turns":4},{"damage":1,"enemies":"Cultist and Chosen","floor":29,"turns":4},{"damage":59,"enemies":"Champ","floor":33,"turns":8},{"damage":0,"enemies":"3 Shapes","floor":35,"turns":7},{"damage":11,"enemies":"3 Darklings","floor":37,"turns":5},{"damage":15,"enemies":"Jaw Worm Horde","floor":38,"turns":4},{"damage":10,"enemies":"Reptomancer","floor":40,"turns":6},{"damage":0,"enemies":"Nemesis","floor":42,"turns":9},{"damage":0,"enemies":"Sphere and 2 Shapes","floor":45,"turns":6},{"damage":11,"enemies":"3 Darklings","floor":46,"turns":4},{"damage":12,"enemies":"Writhing Mass","floor":48,"turns":8},{"damage":16,"enemies":"Time Eater","floor":50,"turns":7}],"seed_played":"846440426873845665","potions_obtained":[{"floor":2,"key":"AttackPotion"},{"floor":5,"key":"Strength Potion"},{"floor":6,"key":"LiquidBronze"},{"floor":13,"key":"Explosive Potion"},{"floor":14,"key":"Ancient Potion"},{"floor":18,"key":"Fire Potion"},{"floor":29,"key":"Energy Potion"},{"floor":37,"key":"GamblersBrew"},{"floor":40,"key":"Fruit Juice"},{"floor":45,"key":"Ancient Potion"},{"floor":46,"key":"Ancient Potion"},{"floor":48,"key":"FearPotion"}],"is_trial":false,"path_per_floor":["M","M","?","$","M","E","M","R","T","R","M","$","E","M","R","B",null,"M","$","M","?","?","E","?","R","T","M","$","M","R","?","R","B",null,"M","$","M","M","?","E","R","E","T","R","M","M","?","M","R","B",null],"character_chosen":"DEFECT","items_purchased":["Defragment","PowerPotion","DataDisk","Consume","Capacitor","Energy Potion","Anchor"],"campfire_rested":5,"item_purchase_floors":[4,4,12,19,19,28,36],"current_hp_per_floor":[63,64,64,64,59,31,29,29,29,29,23,23,17,19,41,43,67,58,58,47,47,47,25,25,25,25,13,13,14,36,36,58,1,57,59,59,50,37,37,34,58,60,60,60,62,53,53,43,67,53],"gold":10,"neow_bonus":"RANDOM_COMMON_RELIC","is_prod":false,"is_daily":false,"chose_seed":false,"campfire_upgraded":4,"win_rate":0,"timestamp":1549867248,"path_taken":["M","M","?","$","?","E","M","R","T","R","M","?","E","M","R","BOSS","M","$","M","?","?","E","?","R","T","M","?","M","R","?","R","BOSS","M","$","M","?","?","E","R","E","T","R","M","?","?","M","R","BOSS"],"build_version":"2019-01-23","purchased_purges":0,"victory":true,"max_hp_per_floor":[75,75,75,75,75,75,75,75,75,75,75,75,75,75,75,75,75,75,75,75,75,75,75,75,75,75,75,75,75,75,75,75,75,75,75,75,75,75,75,80,80,80,80,80,80,80,80,80,80,80],"card_choices":[{"not_picked":["Barrage","Skim","Redo"],"picked":"SKIP","floor":1},{"not_picked":["Hologram","Aggregate"],"picked":"Barrage","floor":2},{"not_picked":["Gash","Storm"],"picked":"Streamline","floor":5},{"not_picked":["Beam Cell","BootSequence"],"picked":"Conserve Battery","floor":6},{"not_picked":["Hello World","FTL"],"picked":"Sweeping Beam","floor":7},{"not_picked":["Consume","Beam Cell"],"picked":"Go for the Eyes","floor":11},{"not_picked":["Self Repair","Machine Learning"],"picked":"Ball Lightning","floor":13},{"not_picked":["Sweeping Beam","Melter"],"picked":"BootSequence","floor":14},{"not_picked":["Echo Form","Machine Learning"],"picked":"Electrodynamics","floor":16},{"not_picked":["Force Field","Streamline+1"],"picked":"Cold Snap","floor":18},{"not_picked":["Lockon","Ball Lightning","Storm+1"],"picked":"SKIP","floor":20},{"not_picked":["Rebound+1","Streamline","Turbo"],"picked":"SKIP","floor":23},{"not_picked":["Sunder","Sweeping Beam","Gash+1"],"picked":"SKIP","floor":27},{"not_picked":["Static Discharge+1","Rebound+1"],"picked":"Leap","floor":29},{"not_picked":["Creative AI","Fission"],"picked":"Echo Form","floor":33},{"not_picked":["Sweeping Beam+1","Stack","Streamline+1"],"picked":"SKIP","floor":35},{"not_picked":["White Noise","Gash"],"picked":"Fusion+1","floor":37},{"not_picked":["Doom and Gloom","Force Field+1"],"picked":"Leap","floor":38},{"not_picked":["Rebound","Chill"],"picked":"Reinforced Body+1","floor":40},{"not_picked":["Ball Lightning","Stack+1","Force Field+1"],"picked":"SKIP","floor":42},{"not_picked":["Gash","Barrage+1"],"picked":"Hologram","floor":45},{"not_picked":["Sweeping Beam+1","Hologram","Double Energy+1"],"picked":"SKIP","floor":46},{"not_picked":["Core Surge","Hologram"],"picked":"Ball Lightning","floor":48}],"player_experience":347001,"relics_obtained":[{"floor":6,"key":"Emotion Chip"},{"floor":9,"key":"Letter Opener"},{"floor":13,"key":"PreservedInsect"},{"floor":23,"key":"Ancient Tea Set"},{"floor":26,"key":"Bag of Preparation"},{"floor":40,"key":"Art of War"},{"floor":42,"key":"Bag of Marbles"},{"floor":43,"key":"Meat on the Bone"}],"event_choices":[{"damage_healed":0,"gold_gain":0,"cards_transformed":["Strike_B"],"player_choice":"Transformed","damage_taken":0,"max_hp_gain":0,"max_hp_loss":0,"event_name":"Transmorgrifier","floor":3,"gold_loss":0,"cards_obtained":["Rip and Tear"]},{"damage_healed":0,"gold_gain":0,"player_choice":"Ignored","damage_taken":0,"max_hp_gain":0,"max_hp_loss":0,"event_name":"The Mausoleum","floor":22,"gold_loss":0},{"damage_healed":0,"gold_gain":0,"player_choice":"Ignored","damage_taken":0,"max_hp_gain":0,"max_hp_loss":0,"event_name":"Beggar","floor":24,"gold_loss":0},{"cards_removed":["Strike_B"],"damage_healed":0,"gold_gain":0,"player_choice":"Purged","damage_taken":0,"max_hp_gain":0,"max_hp_loss":0,"event_name":"Purifier","floor":31,"gold_loss":0},{"damage_healed":0,"gold_gain":0,"player_choice":"1 cards matched","damage_taken":0,"max_hp_gain":0,"max_hp_loss":0,"event_name":"Match and Keep!","floor":39,"gold_loss":0,"cards_obtained":["Seek"]},{"damage_healed":0,"gold_gain":0,"player_choice":"Paid","damage_taken":0,"relics_obtained":["Red Mask"],"max_hp_gain":0,"max_hp_loss":0,"event_name":"Tomb of Lord Red Mask","floor":47,"gold_loss":150}],"is_beta":false,"boss_relics":[{"not_picked":["Ectoplasm","Snecko Eye"],"picked":"Inserter"},{"not_picked":["Eternal Feather","Fusion Hammer"],"picked":"FrozenCore"}],"items_purged_floors":[],"is_endless":false,"potions_floor_spawned":[2,5,6,13,14,18,29,37,40,45,46,48],"ascension_level":8}