{"gold_per_floor":[109,284,300,300,68,102,114,138,176,205,228,274,286,298,310,427,439,376,388,419,431],"floor_reached":21,"playtime":1107,"items_purged":["Strike_B"],"score":189,"play_id":"c394df2d-d356-4b4d-bea2-9d15560fe8d9","local_time":"20190212030517","is_ascension_mode":false,"campfire_choices":[{"floor":13,"key":"REST"},{"floor":15,"key":"RECALL"}],"neow_cost":"NONE","seed_source_timestamp":572313659605806,"circlet_count":0,"master_deck":["Strike_B","Strike_B","Strike_B","Defend_B","Defend_B","Defend_B","Defend_B","Zap","Dualcast","Stack","Capacitor","Darkness","BootSequence","Defragment","Defragment","Conserve Battery","Coolheaded","Multi-Cast","Consume","Creative AI","Self Repair","Heatsinks"],"relics":["Cracked Core","MawBank","Darkstone Periapt","Potion Belt","Inserter"],"potions_floor_usage":[16,19,19,21,21],"damage_taken":[{"damage":1,"enemies":"Jaw Worm","floor":1,"turns":4},{"damage":0,"enemies":"Small Slimes","floor":3,"turns":3},{"damage":23,"enemies":"Gremlin Nob","floor":6,"turns":4},{"damage":10,"enemies":"2 Louse","floor":8,"turns":3},{"damage":10,"enemies":"Exordium Wildlife","floor":10,"turns":5},{"damage":0,"enemies":"3 Louse","floor":11,"turns":8},{"damage":4,"enemies":"Lagavulin","floor":12,"turns":8},{"damage":28,"enemies":"Slime Boss","floor":16,"turns":6},{"damage":19,"enemies":"2 Thieves","floor":18,"turns":5},{"damage":9,"enemies":"Chosen","floor":19,"turns":5},{"damage":24,"enemies":"Snecko","floor":20,"turns":7},{"damage":63,"enemies":"3 Cultists","floor":21,"turns":5}],"seed_played":"9020111628158714540","potions_obtained":[{"floor":6,"key":"SmokeBomb"},{"floor":10,"key":"FocusPotion"},{"floor":12,"key":"SteroidPotion"},{"floor":16,"key":"PowerPotion"},{"floor":20,"key":"Regen Potion"}],"is_trial":false,"path_per_floor":["M","?","M","?","$","E","$","M","T","M","M","E","R","?","R","B",null,"M","M","M","M"],"character_chosen":"DEFECT","items_purchased":["BootSequence","Defragment"],"campfire_rested":1,"item_purchase_floors":[5,5],"current_hp_per_floor":[74,74,74,74,74,51,51,41,41,31,31,27,49,37,37,9,75,56,54,37,0],"gold":431,"neow_bonus":"THREE_CARDS","is_prod":false,"is_daily":false,"chose_seed":false,"campfire_upgraded":0,"win_rate":0,"timestamp":1549958717,"path_taken":["M","?","M","?","$","E","$","M","T","M","M","E","R","?","R","BOSS","M","M","M","M"],"build_version":"2019-01-23","purchased_purges":1,"victory":false,"max_hp_per_floor":[75,75,75,75,75,75,75,75,75,75,75,75,75,75,75,75,75,75,75,75,75],"card_choices":[{"not_picked":["Beam Cell","Hologram"],"picked":"Stack","floor":0},{"not_picked":["Rebound","Steam"],"picked":"Capacitor","floor":1},{"not_picked":["Stack","Ball Lightning"],"picked":"Darkness","floor":3},{"not_picked":["Undo","Hologram"],"picked":"Defragment","floor":6},{"not_picked":["FTL","Barrage"],"picked":"Conserve Battery","floor":8},{"not_picked":["Rebound","Sweeping Beam"],"picked":"Coolheaded","floor":10},{"not_picked":["Cold Snap","Streamline"],"picked":"Multi-Cast","floor":11},{"not_picked":["Rebound","Gash"],"picked":"Consume","floor":12},{"not_picked":["All For One","Core Surge"],"picked":"Creative AI","floor":16},{"not_picked":["Turbo","Cold Snap+1"],"picked":"Self Repair","floor":18},{"not_picked":["Coolheaded","Sweeping Beam+1"],"picked":"Heatsinks","floor":20}],"player_experience":140789,"relics_obtained":[{"floor":6,"key":"MawBank"},{"floor":12,"key":"Darkstone Periapt"}],"event_choices":[{"damage_healed":0,"gold_gain":175,"player_choice":"AGREE","damage_taken":0,"max_hp_gain":0,"max_hp_loss":0,"event_name":"Liars Game","floor":2,"gold_loss":0,"cards_obtained":["Doubt"]},{"cards_removed":["Doubt"],"damage_healed":0,"gold_gain":0,"player_choice":"Forget","damage_taken":0,"max_hp_gain":0,"max_hp_loss":0,"event_name":"Living Wall","floor":4,"gold_loss":0},{"damage_healed":0,"gold_gain":0,"player_choice":"Success","damage_taken":12,"relics_obtained":["Potion Belt"],"max_hp_gain":0,"max_hp_loss":0,"event_name":"Scrap Ooze","floor":14,"gold_loss":0}],"is_beta":false,"boss_relics":[{"not_picked":["Eternal Feather","Coffee Dripper"],"picked":"Inserter"}],"items_purged_floors":[5],"is_endless":false,"potions_floor_spawned":[6,10,12,16,20],"killed_by":"3 Cultists","ascension_level":0}