{"gold_per_floor":[114,129,47,47,222,222,252,252,277,292,307,322,60,75,75,175,175,190,140,155,180,180,180,195,195,220,235,270,285,315,330,330,430,430,445,0,15,30,30,30],"floor_reached":40,"playtime":3891,"items_purged":["Doubt"],"score":462,"play_id":"ec094855-79b4-461e-9f28-c64c30908ac7","local_time":"20181110053110","daily_mods":["SealedDeck","Uncertain Future","Night Terrors"],"is_ascension_mode":false,"campfire_choices":[{"data":"White Noise","floor":6,"key":"SMITH"},{"data":"Jack Of All Trades","floor":8,"key":"SMITH"},{"data":"Jack Of All Trades","floor":15,"key":"SMITH"},{"data":"Fission","floor":23,"key":"SMITH"},{"floor":25,"key":"REST"},{"floor":32,"key":"REST"}],"neow_cost":"","seed_source_timestamp":0,"circlet_count":0,"master_deck":["Stack","Force Field+1","Leap","Chill","Turbo","White Noise+1","Steam Power","Storm+1","Ball Lightning","Ball Lightning","Leap","BootSequence","Jack Of All Trades+1","Rainbow+1","Beam Cell","Turbo","Conserve Battery","Jack Of All Trades+1","Chill","Fission+1","Turbo+1","Ball Lightning+1","Loop+1","Fusion","Rip and Tear+1","Echo Form","Compile Driver","Tempest","Sweeping Beam+1","Echo Form","Sweeping Beam","Conserve Battery+1","Defragment","Dark Shackles"],"special_seed":17845,"relics":["Cracked Core","Blood Vial","Dream Catcher","Philosopher\u0027s Stone","War Paint","Gremlin Horn","Eternal Feather","Red Mask"],"potions_floor_usage":[12,16,21,30,38,40,40],"damage_taken":[{"damage":0,"enemies":"Small Slimes","floor":1,"turns":2},{"damage":0,"enemies":"Jaw Worm","floor":2,"turns":4},{"damage":0,"enemies":"3 Sentries","floor":7,"turns":8},{"damage":0,"enemies":"2 Louse","floor":10,"turns":2},{"damage":4,"enemies":"Lots of Slimes","floor":11,"turns":3},{"damage":8,"enemies":"Exordium Wildlife","floor":12,"turns":4},{"damage":0,"enemies":"Looter","floor":14,"turns":3},{"damage":14,"enemies":"Hexaghost","floor":16,"turns":10},{"damage":0,"enemies":"2 Thieves","floor":18,"turns":4},{"damage":0,"enemies":"Chosen","floor":20,"turns":3},{"damage":14,"enemies":"Colosseum Slavers","floor":21,"turns":2},{"damage":32,"enemies":"Sentry and Sphere","floor":24,"turns":6},{"damage":20,"enemies":"Centurion and Healer","floor":27,"turns":4},{"damage":2,"enemies":"Shelled Parasite and Fungi","floor":28,"turns":4},{"damage":0,"enemies":"3 Cultists","floor":29,"turns":4},{"damage":29,"enemies":"Slavers","floor":30,"turns":5},{"damage":3,"enemies":"Centurion and Healer","floor":31,"turns":5},{"damage":8,"enemies":"Automaton","floor":33,"turns":6},{"damage":11,"enemies":"3 Darklings","floor":35,"turns":3},{"damage":13,"enemies":"3 Shapes","floor":37,"turns":3},{"damage":31,"enemies":"3 Darklings","floor":38,"turns":3},{"damage":39,"enemies":"Reptomancer","floor":40,"turns":2}],"seed_played":"720756091651424505","potions_obtained":[{"floor":2,"key":"Weak Potion"},{"floor":10,"key":"Poison Potion"},{"floor":12,"key":"Strength Potion"},{"floor":14,"key":"SteroidPotion"},{"floor":20,"key":"FocusPotion"},{"floor":28,"key":"Dexterity Potion"},{"floor":29,"key":"Fire Potion"},{"floor":31,"key":"FearPotion"},{"floor":37,"key":"Ancient Potion"},{"floor":38,"key":"Dexterity Potion"}],"is_trial":false,"path_per_floor":["M","M","$","?","?","R","E","R","T","M","M","M","$","M","R","B",null,"M","$","M","?","?","R","M","R","T","M","M","M","E","M","R","B",null,"M","?","M","M","?","E"],"character_chosen":"DEFECT","items_purchased":["Jack Of All Trades","Conserve Battery","Jack Of All Trades","Chill","PowerPotion"],"campfire_rested":2,"item_purchase_floors":[3,13,13,13,19],"current_hp_per_floor":[75,75,75,75,75,75,75,75,75,75,71,65,65,67,67,55,75,75,75,75,61,61,61,31,70,70,50,50,52,25,24,65,57,65,54,54,43,14,14,0],"gold":30,"neow_bonus":"","is_prod":false,"is_daily":true,"chose_seed":false,"campfire_upgraded":4,"win_rate":0,"timestamp":1541845870,"path_taken":["M","M","$","?","?","R","E","R","T","M","M","M","?","M","R","BOSS","M","$","M","?","?","R","M","R","T","M","M","M","E","?","R","BOSS","M","?","M","M","?","E"],"build_version":"2018-11-08","purchased_purges":1,"victory":false,"max_hp_per_floor":[75,75,75,75,75,75,75,75,75,75,75,75,75,75,75,75,75,75,75,75,75,75,75,75,70,70,70,70,70,70,70,65,65,65,65,65,65,65,65,65],"card_choices":[{"not_picked":["Beam Cell","Sweeping Beam"],"picked":"Leap","floor":1},{"not_picked":["Steam","Auto Shields"],"picked":"BootSequence","floor":2},{"not_picked":["Barrage","Streamline"],"picked":"Rainbow","floor":7},{"not_picked":["Sweeping Beam","Stack"],"picked":"Beam Cell","floor":10},{"not_picked":["Multi-Cast","Beam Cell"],"picked":"Consume","floor":11},{"not_picked":["Cold Snap","Steam"],"picked":"Turbo","floor":12},{"not_picked":["Stack","Steam","Cold Snap"],"picked":"SKIP","floor":14},{"not_picked":["Reboot","Rainbow"],"picked":"Fission","floor":16},{"not_picked":["Barrage","Steam Power"],"picked":"Turbo+1","floor":18},{"not_picked":["Beam Cell+1","Loop"],"picked":"Ball Lightning+1","floor":20},{"not_picked":["Sweeping Beam","Conserve Battery+1"],"picked":"Loop+1","floor":24},{"not_picked":["Steam+1","Ball Lightning"],"picked":"Fusion","floor":25},{"not_picked":["Go for the Eyes+1","Chaos"],"picked":"Rip and Tear+1","floor":27},{"not_picked":["Tempest","Fusion"],"picked":"Echo Form","floor":28},{"not_picked":["Gash","Stack"],"picked":"Compile Driver","floor":29},{"not_picked":["Stack","Ball Lightning+1","Glacier+1"],"picked":"SKIP","floor":30},{"not_picked":["Beam Cell+1","Doom and Gloom"],"picked":"Tempest","floor":31},{"not_picked":["Chaos","Multi-Cast"],"picked":"Sweeping Beam+1","floor":32},{"not_picked":["Multi-Cast","Hyperbeam"],"picked":"Echo Form","floor":33},{"not_picked":["Conserve Battery+1","Redo+1"],"picked":"Sweeping Beam","floor":35},{"not_picked":["Streamline","Beam Cell"],"picked":"Conserve Battery+1","floor":37},{"not_picked":["Genetic Algorithm","Steam"],"picked":"Defragment","floor":38},{"not_picked":["Purity","Finesse"],"picked":"Dark Shackles","floor":39}],"player_experience":54799,"relics_obtained":[{"floor":7,"key":"Blood Vial"},{"floor":9,"key":"Dream Catcher"},{"floor":26,"key":"War Paint"},{"floor":30,"key":"Gremlin Horn"}],"event_choices":[{"damage_healed":0,"gold_gain":0,"player_choice":"Grow","damage_taken":0,"max_hp_gain":0,"max_hp_loss":0,"event_name":"Living Wall","floor":4,"gold_loss":0,"cards_upgraded":["Storm"]},{"damage_healed":0,"gold_gain":175,"player_choice":"AGREE","damage_taken":0,"max_hp_gain":0,"max_hp_loss":0,"event_name":"Liars Game","floor":5,"gold_loss":0,"cards_obtained":["Doubt"]},{"damage_healed":0,"gold_gain":0,"player_choice":"Fight","damage_taken":0,"max_hp_gain":0,"max_hp_loss":0,"event_name":"Colosseum","floor":21,"gold_loss":0},{"damage_healed":0,"gold_gain":0,"player_choice":"Fled From Nobs","damage_taken":0,"max_hp_gain":0,"max_hp_loss":0,"event_name":"Colosseum","floor":21,"gold_loss":0},{"cards_removed":["Consume"],"damage_healed":0,"gold_gain":0,"player_choice":"Purged","damage_taken":0,"max_hp_gain":0,"max_hp_loss":0,"event_name":"Purifier","floor":22,"gold_loss":0},{"damage_healed":0,"gold_gain":0,"player_choice":"Paid","damage_taken":0,"relics_obtained":["Red Mask"],"max_hp_gain":0,"max_hp_loss":0,"event_name":"Tomb of Lord Red Mask","floor":36,"gold_loss":445},{"damage_healed":0,"gold_gain":0,"player_choice":"Memory 1","damage_taken":0,"max_hp_gain":0,"max_hp_loss":0,"event_name":"SensoryStone","floor":39,"gold_loss":0}],"is_beta":false,"boss_relics":[{"not_picked":["Tiny House","Pandora\u0027s Box"],"picked":"Philosopher\u0027s Stone"},{"not_picked":["Velvet Choker","Snecko Eye"],"picked":"Eternal Feather"}],"items_purged_floors":[13],"is_endless":false,"potions_floor_spawned":[2,10,12,14,20,21,28,29,31,37,38],"killed_by":"Reptomancer","ascension_level":0}