{"gold_per_floor":[115,65,65,79,97,132,132,132,159,187,197,208,263,273,273,369,369,384,108,90,90,100,100,130,45,45,78,78,78,78,92,92,188,188,206,226,226,241,322,355,365,390,416,461,475,475,49,62,62,62],"floor_reached":51,"playtime":6129,"items_purged":["Strike_R","Normality"],"score":950,"play_id":"9b9cb633-bb6e-4962-9a79-18a315eba81a","local_time":"20180921150719","is_ascension_mode":true,"campfire_choices":[{"data":"Iron Wave","floor":8.0,"key":"SMITH"},{"floor":15.0,"key":"REST"},{"floor":23.0,"key":"REST"},{"floor":30.0,"key":"REST"},{"floor":32.0,"key":"REST"},{"floor":46,"key":"REST"},{"data":"Demon Form","floor":49,"key":"SMITH"}],"neow_cost":"PERCENT_DAMAGE","seed_source_timestamp":557176876905566,"circlet_count":0,"master_deck":["Strike_R+1","Strike_R+1","Defend_R+1","Defend_R+1","Bash","Iron Wave+1","Infernal Blade","Seeing Red+1","Twin Strike","Shrug It Off","Impervious","Thunderclap","Heavy Blade","Demon Form+1","Armaments","Flex+1","Barricade","Impervious+1","Hemokinesis","Headbutt+1","Juggernaut","Metallicize","Shrug It Off+1","Battle Trance+1","Disarm+1","Armaments+1","Shockwave+1","Clumsy","Clothesline","Iron Wave","Inflame","Entrench+1","Pommel Strike","Heavy Blade+1"],"special_seed":0,"relics":["Burning Blood","Bottled Flame","Nunchaku","Boot","Bag of Marbles","Tiny Chest","Velvet Choker","Toolbox","Bronze Scales","Mummified Hand","Toxic Egg 2","Mercury Hourglass","Cursed Key","Sundial","Blood Vial","Pantograph","War Paint","Ginger"],"potions_floor_usage":[47,50,50,50],"damage_taken":[{"damage":8.0,"enemies":"Small Slimes","floor":1.0,"turns":4.0},{"damage":0.0,"enemies":"Cultist","floor":4.0,"turns":4.0},{"damage":0.0,"enemies":"Jaw Worm","floor":5.0,"turns":3.0},{"damage":20.0,"enemies":"Gremlin Nob","floor":6.0,"turns":4.0},{"damage":11.0,"enemies":"Lagavulin","floor":10.0,"turns":7.0},{"damage":0.0,"enemies":"Large Slime","floor":11.0,"turns":4.0},{"damage":0.0,"enemies":"2 Fungi Beasts","floor":12.0,"turns":3.0},{"damage":22.0,"enemies":"3 Sentries","floor":13.0,"turns":8.0},{"damage":0.0,"enemies":"Looter","floor":14.0,"turns":3.0},{"damage":32.0,"enemies":"The Guardian","floor":16.0,"turns":16.0},{"damage":3.0,"enemies":"Spheric Guardian","floor":18.0,"turns":4.0},{"damage":14.0,"enemies":"2 Thieves","floor":20.0,"turns":4.0},{"damage":31.0,"enemies":"Snake Plant","floor":22.0,"turns":5.0},{"damage":38.0,"enemies":"Book of Stabbing","floor":24.0,"turns":6.0},{"damage":20.0,"enemies":"Gremlin Leader","floor":27.0,"turns":8.0},{"damage":18.0,"enemies":"Shelled Parasite and Fungi","floor":31.0,"turns":3.0},{"damage":0.0,"enemies":"Automaton","floor":33.0,"turns":8.0},{"damage":0.0,"enemies":"Orb Walker","floor":35.0,"turns":3.0},{"damage":0.0,"enemies":"3 Shapes","floor":36.0,"turns":4.0},{"damage":0.0,"enemies":"3 Darklings","floor":38.0,"turns":4.0},{"damage":33.0,"enemies":"Giant Head","floor":40.0,"turns":9.0},{"damage":3.0,"enemies":"Reptomancer","floor":41.0,"turns":5.0},{"damage":15,"enemies":"Nemesis","floor":42,"turns":7},{"damage":37,"enemies":"Mysterious Sphere","floor":44,"turns":6},{"damage":0,"enemies":"Maw","floor":45,"turns":5},{"damage":0,"enemies":"Transient","floor":48,"turns":5},{"damage":24,"enemies":"Time Eater","floor":50,"turns":8}],"seed_played":"-1256088689849235199","potions_obtained":[{"floor":1.0,"key":"EssenceOfSteel"},{"floor":5.0,"key":"SkillPotion"},{"floor":11.0,"key":"Poison Potion"},{"floor":12.0,"key":"Strength Potion"},{"floor":13.0,"key":"PowerPotion"},{"floor":31.0,"key":"Block Potion"},{"floor":33.0,"key":"Strength Potion"},{"floor":35.0,"key":"Strength Potion"},{"floor":48,"key":"FearPotion"}],"is_trial":false,"path_per_floor":["M","?","T","M","M","E","?","R","T","E","M","M","E","M","R","B",null,"M","$","M","?","M","R","E","?","T","E","?","?","R","M","R","B",null,"M","M","?","M","T","E","M","E","T","?","M","R","$","M","R","B"],"character_chosen":"IRONCLAD","items_purchased":["Toolbox","Inflame","Fruit Juice","Entrench+1","Pommel Strike","Strength Potion"],"campfire_rested":5,"item_purchase_floors":[19,47,47,47,47,47],"current_hp_per_floor":[54,54,54,60,66,52,57,57,57,52,58,64,48,54,79,53,85,85,85,77,77,52,77,45,45,45,31,31,31,56,44,69,75,85,85,85,85,85,85,58,63,56,56,27,35,60,65,73,73,72],"gold":62,"neow_bonus":"REMOVE_TWO","is_prod":false,"is_daily":false,"chose_seed":false,"campfire_upgraded":2,"win_rate":0,"timestamp":1537556839,"path_taken":["M","?","?","M","M","E","?","R","T","E","?","M","E","M","R","BOSS","M","$","M","?","M","R","E","?","T","E","?","?","R","M","R","BOSS","M","M","?","M","?","E","M","E","T","?","?","R","$","M","R","BOSS"],"build_version":"2018-09-20","purchased_purges":2,"victory":true,"max_hp_per_floor":[80,80,80,80,80,80,85,85,85,85,85,85,85,85,85,85,85,85,85,85,85,85,85,85,85,85,85,85,85,85,85,85,85,85,85,85,85,85,85,85,85,85,85,85,85,85,90,90,90,90],"card_choices":[{"not_picked":["Bloodletting","Shrug It Off"],"picked":"Iron Wave","floor":1.0},{"not_picked":["Wild Strike","Iron Wave"],"picked":"Infernal Blade","floor":4.0},{"not_picked":["Shrug It Off","Clothesline"],"picked":"Seeing Red","floor":5.0},{"not_picked":["Cleave","Dual Wield"],"picked":"Twin Strike","floor":6.0},{"not_picked":["Wild Strike","Thunderclap"],"picked":"Shrug It Off","floor":10.0},{"not_picked":["Cleave","Feel No Pain"],"picked":"Warcry","floor":11.0},{"not_picked":["Flame Barrier","Fire Breathing"],"picked":"Impervious","floor":12.0},{"not_picked":["Offering","Feel No Pain"],"picked":"Thunderclap","floor":13.0},{"not_picked":["Sentinel","Havoc"],"picked":"Heavy Blade","floor":14.0},{"not_picked":["Bludgeon","Exhume"],"picked":"Demon Form","floor":16.0},{"not_picked":["Iron Wave","Cleave"],"picked":"Armaments","floor":18.0},{"not_picked":["Rupture","True Grit","Havoc"],"picked":"SKIP","floor":20.0},{"not_picked":["Ghostly Armor","Reckless Charge"],"picked":"Flex","floor":22.0},{"not_picked":["Reckless Charge","True Grit"],"picked":"Barricade","floor":24.0},{"not_picked":["Flex+1","Wild Strike+1"],"picked":"Impervious+1","floor":27.0},{"not_picked":["Anger+1","Reckless Charge"],"picked":"Headbutt+1","floor":31.0},{"not_picked":["Brutality","Feed"],"picked":"Juggernaut","floor":33.0},{"not_picked":["Rage+1","Intimidate+1"],"picked":"Metallicize","floor":35.0},{"not_picked":["Hemokinesis+1","Pommel Strike"],"picked":"Shrug It Off+1","floor":36.0},{"not_picked":["Warcry+1","Evolve+1"],"picked":"Battle Trance+1","floor":38.0},{"not_picked":["Ghostly Armor+1","Headbutt"],"picked":"Disarm+1","floor":40.0},{"not_picked":["Shrug It Off+1","Rupture+1"],"picked":"Armaments+1","floor":41.0},{"not_picked":["True Grit+1","Battle Trance+1"],"picked":"Shockwave+1","floor":42},{"not_picked":["Warcry+1","Shockwave+1"],"picked":"Clothesline","floor":44},{"not_picked":["Immolate","Perfected Strike+1"],"picked":"Iron Wave","floor":45},{"not_picked":["Warcry+1","Infernal Blade+1"],"picked":"Heavy Blade+1","floor":48}],"player_experience":450854,"relics_obtained":[{"floor":3.0,"key":"Bottled Flame"},{"floor":6.0,"key":"Nunchaku"},{"floor":9.0,"key":"Boot"},{"floor":10.0,"key":"Bag of Marbles"},{"floor":13.0,"key":"Tiny Chest"},{"floor":24.0,"key":"Bronze Scales"},{"floor":26.0,"key":"Toxic Egg 2"},{"floor":27.0,"key":"Mercury Hourglass"},{"floor":39.0,"key":"Sundial"},{"floor":40.0,"key":"Blood Vial"},{"floor":42,"key":"Pantograph"},{"floor":43,"key":"War Paint"},{"floor":44,"key":"Ginger"}],"event_choices":[{"event_name":"The Cleric","player_choice":"Card Removal","floor":2.0,"damage_taken":0.0},{"event_name":"Big Fish","player_choice":"Donut","floor":7.0,"damage_taken":0.0},{"event_name":"Vampires","player_choice":"Ignored","floor":21.0,"damage_taken":0.0},{"event_name":"Addict","player_choice":"Obtained Relic","floor":25.0,"damage_taken":0.0},{"event_name":"Back to Basics","player_choice":"Simplicity","floor":28.0,"damage_taken":0.0},{"event_name":"Transmorgrifier","player_choice":"Transform","floor":29.0,"damage_taken":0.0},{"event_name":"Falling","player_choice":"Removed Skill","floor":37.0,"damage_taken":0.0},{"event_name":"Mysterious Sphere","player_choice":"Fight","floor":44,"damage_taken":0}],"is_beta":false,"boss_relics":[{"not_picked":["Runic Dome","Pandora\u0027s Box"],"picked":"Velvet Choker"},{"not_picked":["Black Star","Fusion Hammer"],"picked":"Cursed Key"}],"items_purged_floors":[19,47],"is_endless":false,"potions_floor_spawned":[1,5,11,12,13,14,31,33,35,36,48],"ascension_level":4}