{"gold_per_floor":[116,135,135,153,166,166,197,197,197,47,64,84,5,19,19,120,120,134,154,166,166],"floor_reached":21,"playtime":1694,"items_purged":[],"score":213,"play_id":"d6fd5895-f604-440f-ad0d-b70fff016e0c","local_time":"20180907163904","is_ascension_mode":true,"campfire_choices":[{"data":"Creative AI","floor":6,"key":"SMITH"},{"floor":8,"key":"REST"},{"floor":15,"key":"REST"}],"neow_cost":"NONE","seed_source_timestamp":197148706691847,"circlet_count":0,"master_deck":["Strike_B","Strike_B","Strike_B","Defend_B","Defend_B","Defend_B","Defend_B","Zap","Dualcast","Ball Lightning","Hologram","Storm","Go for the Eyes","Creative AI+1","Reinforced Body","Loop","Conserve Battery","Redo","Fusion","Self Repair","Storm","Go for the Eyes+1","Amplify","Tempest","Loop","Stack+1"],"relics":["Cracked Core","Bottled Tornado","Molten Egg 2","Cursed Key"],"potions_floor_usage":[14,14,20,21],"damage_taken":[{"damage":6,"enemies":"2 Louse","floor":1,"turns":2},{"damage":0,"enemies":"Small Slimes","floor":2,"turns":2},{"damage":1,"enemies":"Cultist","floor":4,"turns":3},{"damage":10,"enemies":"Red Slaver","floor":5,"turns":3},{"damage":25,"enemies":"Lagavulin","floor":7,"turns":5},{"damage":16,"enemies":"Blue Slaver","floor":11,"turns":4},{"damage":15,"enemies":"Large Slime","floor":12,"turns":5},{"damage":0,"enemies":"Exordium Thugs","floor":14,"turns":3},{"damage":18,"enemies":"Hexaghost","floor":16,"turns":6},{"damage":24,"enemies":"Chosen","floor":18,"turns":6},{"damage":34,"enemies":"2 Thieves","floor":19,"turns":4},{"damage":21,"enemies":"Snake Plant","floor":20,"turns":3},{"damage":11,"enemies":"3 Cultists","floor":21,"turns":3}],"seed_played":"-725357149908028632","potions_obtained":[{"floor":4,"key":"Energy Potion"},{"floor":7,"key":"Block Potion"},{"floor":14,"key":"FearPotion"},{"floor":16,"key":"EssenceOfSteel"},{"floor":18,"key":"LiquidBronze"}],"is_trial":false,"path_per_floor":["M","M","?","M","M","R","E","R","T","$","M","M","$","M","R","B",null,"M","M","M"],"character_chosen":"DEFECT","items_purchased":["Loop","Conserve Battery","Redo","Storm"],"campfire_rested":2,"item_purchase_floors":[10,10,10,13],"current_hp_per_floor":[69,69,62,61,51,51,26,48,48,48,32,17,17,17,39,28,75,58,31,10,0],"gold":166,"neow_bonus":"THREE_CARDS","is_prod":false,"is_daily":false,"chose_seed":false,"campfire_upgraded":1,"win_rate":0,"timestamp":1536352744,"path_taken":["M","M","?","M","M","R","E","R","T","?","M","?","$","M","R","BOSS","M","M","M","M"],"build_version":"2018-09-06","purchased_purges":0,"victory":false,"max_hp_per_floor":[75,75,75,75,75,75,75,75,75,75,75,75,75,75,75,75,75,75,75,75,75],"card_choices":[{"not_picked":["Heatsinks","Chill"],"picked":"Ball Lightning","floor":0},{"not_picked":["Undo","Rebound"],"picked":"Hologram","floor":1},{"not_picked":["Beam Cell","Steam"],"picked":"Storm","floor":2},{"not_picked":["Stack","Streamline"],"picked":"Go for the Eyes","floor":4},{"not_picked":["Go for the Eyes","Glacier"],"picked":"Creative AI","floor":5},{"not_picked":["Auto Shields","Stack"],"picked":"Reinforced Body","floor":7},{"not_picked":["Streamline+1","Sweeping Beam+1"],"picked":"Fusion","floor":11},{"not_picked":["Coolheaded","Hologram"],"picked":"Self Repair","floor":12},{"not_picked":["Rebound+1","Turbo"],"picked":"Go for the Eyes+1","floor":14},{"not_picked":["Biased Cognition","All For One+1"],"picked":"Amplify","floor":16},{"not_picked":["Steam Power","Rip and Tear+1"],"picked":"Tempest","floor":18},{"not_picked":["Sweeping Beam+1","Fusion+1"],"picked":"Loop","floor":19},{"not_picked":["Conserve Battery","Go for the Eyes+1"],"picked":"Stack+1","floor":20}],"player_experience":309537,"relics_obtained":[{"floor":7,"key":"Bottled Tornado"},{"floor":9,"key":"Molten Egg 2"}],"event_choices":[{"event_name":"Golden Wing","player_choice":"Card Removal","floor":3,"damage_taken":0}],"is_beta":false,"boss_relics":[{"not_picked":["Eternal Feather","Runic Dome"],"picked":"Cursed Key"}],"items_purged_floors":[],"is_endless":false,"potions_floor_spawned":[4,7,14,16,18,19],"killed_by":"3 Cultists","ascension_level":3}