{"gold_per_floor":[109,120,46,59,78,106,106,118,118,118,134,14,48,48,48,153,153,169,192,209,222,241,241,274,284,309,309,326,326,357,357,357,455,455,472,487,407,422,438,438,469,469,517,571,220,220,234,234,234,234],"floor_reached":51,"playtime":6173,"items_purged":["Strike_B","Strike_B","Strike_B"],"score":679,"play_id":"a8c11342-8167-430f-b63b-eee5b6a79b78","local_time":"20190110054030","is_ascension_mode":false,"campfire_choices":[{"data":"Go for the Eyes","floor":7.0,"key":"SMITH"},{"data":"Zap","floor":10.0,"key":"SMITH"},{"data":"Streamline","floor":15.0,"key":"SMITH"},{"data":"Defragment","floor":23.0,"key":"SMITH"},{"data":"Hologram","floor":27,"key":"SMITH"},{"floor":29,"key":"REST"},{"data":"Redo","floor":32,"key":"SMITH"},{"data":"Beam Cell","floor":40,"key":"SMITH"},{"data":"Dualcast","floor":42,"key":"SMITH"},{"floor":46,"key":"REST"},{"data":"Defragment","floor":49,"key":"SMITH"}],"neow_cost":"NONE","seed_source_timestamp":0,"circlet_count":0,"master_deck":["Strike_B","Defend_B","Defend_B","Defend_B","Defend_B","Zap+1","Dualcast+1","Leap","Go for the Eyes+1","BootSequence","Gash","FTL","Fission","Ball Lightning","Chill","Streamline+1","Gash","All For One","Coolheaded","Cold Snap","Defragment+1","Conserve Battery","Go for the Eyes+1","Hologram+1","Skim+1","Redo+1","All For One","Doom and Gloom+1","Beam Cell+1","Gash","Defragment+1","Static Discharge","Hologram+1","Discovery"],"special_seed":0,"relics":["FrozenCore","Du-Vu Doll","Kunai","Juzu Bracelet","Sozu","Bag of Preparation","The Courier","Dream Catcher","Matryoshka","Pantograph","Art of War","Vajra","StoneCalendar","ClockworkSouvenir"],"potions_floor_usage":[],"damage_taken":[{"damage":0.0,"enemies":"Cultist","floor":1.0,"turns":3.0},{"damage":8.0,"enemies":"Jaw Worm","floor":2.0,"turns":4.0},{"damage":0.0,"enemies":"Small Slimes","floor":4.0,"turns":3.0},{"damage":0.0,"enemies":"Blue Slaver","floor":5.0,"turns":3.0},{"damage":16.0,"enemies":"Lagavulin","floor":6.0,"turns":6.0},{"damage":7.0,"enemies":"Exordium Thugs","floor":8.0,"turns":5.0},{"damage":0.0,"enemies":"Gremlin Gang","floor":11.0,"turns":3.0},{"damage":7.0,"enemies":"3 Sentries","floor":13.0,"turns":7.0},{"damage":9.0,"enemies":"The Guardian","floor":16.0,"turns":9.0},{"damage":0.0,"enemies":"3 Byrds","floor":18.0,"turns":4.0},{"damage":0.0,"enemies":"Chosen","floor":20.0,"turns":3.0},{"damage":0.0,"enemies":"Centurion and Healer","floor":21.0,"turns":5.0},{"damage":12.0,"enemies":"Snake Plant","floor":22.0,"turns":4.0},{"damage":17.0,"enemies":"Gremlin Leader","floor":24.0,"turns":8.0},{"damage":9,"enemies":"Chosen and Byrds","floor":25,"turns":6},{"damage":0,"enemies":"Cultist and Chosen","floor":28,"turns":5},{"damage":4,"enemies":"Slavers","floor":30,"turns":6},{"damage":22,"enemies":"Collector","floor":33,"turns":13},{"damage":0,"enemies":"Orb Walker","floor":35,"turns":3},{"damage":0,"enemies":"3 Shapes","floor":36,"turns":3},{"damage":7,"enemies":"Maw","floor":38,"turns":6},{"damage":16,"enemies":"4 Shapes","floor":39,"turns":5},{"damage":17,"enemies":"Reptomancer","floor":41,"turns":5},{"damage":23,"enemies":"2 Orb Walkers","floor":44,"turns":5},{"damage":3,"enemies":"Sphere and 2 Shapes","floor":47,"turns":4},{"damage":31,"enemies":"Donu and Deca","floor":50,"turns":8}],"seed_played":"5026177028793921588","potions_obtained":[{"floor":4.0,"key":"Explosive Potion"},{"floor":5.0,"key":"Dexterity Potion"},{"floor":11.0,"key":"AttackPotion"}],"is_trial":false,"path_per_floor":["M","M","$","M","M","E","R","M","T","R","M","$","E","$","R","B",null,"M","T","M","M","M","R","E","M","T","R","M","R","E","?","R","B",null,"M","M","$","M","M","R","E","R","T","?","$","R","M","?","R","B",null],"character_chosen":"DEFECT","items_purchased":["BootSequence","Streamline","Defragment","Static Discharge","ClockworkSouvenir"],"campfire_rested":2,"item_purchase_floors":[3,12,45,45,45],"current_hp_per_floor":[82,74,74,74,74,58,58,51,51,51,51,51,44,44,44,35,82,82,82,82,82,70,70,53,44,44,44,44,68,64,64,64,42,82,82,82,82,75,59,59,42,42,42,19,19,43,40,40,40,34],"gold":234,"neow_bonus":"TEN_PERCENT_HP_BONUS","is_prod":false,"is_daily":false,"chose_seed":false,"campfire_upgraded":9,"win_rate":0.0,"timestamp":1547095230,"path_taken":["M","M","$","M","M","E","R","M","T","R","M","$","E","$","R","BOSS","M","?","M","M","M","R","E","M","T","R","M","R","E","?","R","BOSS","M","M","$","M","M","R","E","R","T","?","$","R","M","?","R","BOSS"],"build_version":"2019-01-03v4","purchased_purges":3,"victory":true,"max_hp_per_floor":[82,82,82,82,82,82,82,82,82,82,82,82,82,82,82,82,82,82,82,82,82,82,82,82,82,82,82,82,82,82,82,82,82,82,82,82,82,82,82,82,82,82,82,82,82,82,82,82,82,82],"card_choices":[{"not_picked":["Hologram","Coolheaded"],"picked":"Leap","floor":1.0},{"not_picked":["Turbo","Reinforced Body"],"picked":"Go for the Eyes","floor":2.0},{"not_picked":["Hello World","Stack"],"picked":"Gash","floor":4.0},{"not_picked":["Beam Cell","Go for the Eyes"],"picked":"FTL","floor":5.0},{"not_picked":["Turbo","Steam Power"],"picked":"Fission","floor":6.0},{"not_picked":["Stack","Redo"],"picked":"Ball Lightning","floor":8.0},{"not_picked":["Stack","Heatsinks"],"picked":"Chill","floor":11.0},{"not_picked":["Storm","BootSequence"],"picked":"Gash","floor":13.0},{"not_picked":["Biased Cognition","Echo Form"],"picked":"All For One","floor":16.0},{"not_picked":["BootSequence+1","Leap"],"picked":"Coolheaded","floor":18.0},{"not_picked":["Turbo","Steam Power"],"picked":"Cold Snap","floor":20.0},{"not_picked":["Heatsinks","Ball Lightning"],"picked":"Defragment","floor":21.0},{"not_picked":["Coolheaded","Cold Snap+1"],"picked":"Conserve Battery","floor":22.0},{"not_picked":["Aggregate","Turbo"],"picked":"Go for the Eyes+1","floor":24.0},{"not_picked":["Streamline","Genetic Algorithm"],"picked":"Hologram","floor":25},{"not_picked":["Melter","Double Energy+1","Storm"],"picked":"SKIP","floor":28},{"not_picked":["FTL","Turbo"],"picked":"Skim+1","floor":30},{"not_picked":["Fission","Seek"],"picked":"All For One","floor":33},{"not_picked":["Conserve Battery+1","Rebound+1"],"picked":"Doom and Gloom+1","floor":35},{"not_picked":["Cold Snap","Lockon","Compile Driver"],"picked":"SKIP","floor":36},{"not_picked":["Go for the Eyes","BootSequence"],"picked":"Beam Cell","floor":38},{"not_picked":["Beam Cell+1","Conserve Battery","Steam Power+1"],"picked":"SKIP","floor":39},{"not_picked":["Cold Snap","Go for the Eyes","Double Energy+1"],"picked":"SKIP","floor":41},{"not_picked":["Undo","Turbo"],"picked":"Gash","floor":44},{"not_picked":["Chaos","Glacier+1"],"picked":"Hologram+1","floor":47},{"not_picked":["Forethought","Madness"],"picked":"Discovery","floor":48}],"player_experience":222280,"relics_obtained":[{"floor":6.0,"key":"Du-Vu Doll"},{"floor":9.0,"key":"Kunai"},{"floor":13.0,"key":"Juzu Bracelet"},{"floor":19.0,"key":"Bag of Preparation"},{"floor":24.0,"key":"The Courier"},{"floor":26,"key":"Dream Catcher"},{"floor":30,"key":"Matryoshka"},{"floor":41,"key":"Pantograph"},{"floor":43,"key":"Art of War"},{"floor":43,"key":"Vajra"},{"floor":44,"key":"StoneCalendar"}],"event_choices":[{"damage_healed":0,"gold_gain":0,"player_choice":"Read","damage_taken":0,"max_hp_gain":0,"max_hp_loss":0,"event_name":"The Library","floor":31,"gold_loss":0,"cards_obtained":["Redo"]},{"damage_healed":0,"gold_gain":0,"player_choice":"Fight","damage_taken":0,"max_hp_gain":0,"max_hp_loss":0,"event_name":"Mysterious Sphere","floor":44,"gold_loss":0},{"damage_healed":0,"gold_gain":0,"player_choice":"Memory 1","damage_taken":0,"max_hp_gain":0,"max_hp_loss":0,"event_name":"SensoryStone","floor":48,"gold_loss":0}],"is_beta":false,"boss_relics":[{"not_picked":["Black Star","Velvet Choker"],"picked":"Sozu"},{"not_picked":["White Beast Statue","Runic Pyramid"],"picked":"FrozenCore"}],"items_purged_floors":[12,37,45],"is_endless":false,"potions_floor_spawned":[4,5,11,22,25,30,35,36,38],"ascension_level":0}