{"gold_per_floor":[16,35,35,35,35,35,65,77,77,94,114,114,64,91,91,187,187,201,201,216,216,7,7,21,34,84,111,130,130,158,169,169,271,271,289,302,322,0,0,15,45,45,45,45,56,56,71,104,104,104],"floor_reached":50,"playtime":2923,"items_purged":["Strike_R"],"score":755,"play_id":"f6fb4070-4760-47a6-9268-27785e1df02a","local_time":"20190122233150","is_ascension_mode":true,"campfire_choices":[{"data":"Armaments","floor":6,"key":"SMITH"},{"floor":15,"key":"REST"},{"data":"Pommel Strike","floor":23,"key":"SMITH"},{"data":"Combust","floor":29,"key":"SMITH"},{"data":"1","floor":32,"key":"LIFT"},{"data":"Bludgeon","floor":44,"key":"SMITH"},{"data":"Corruption","floor":46,"key":"SMITH"},{"data":"2","floor":49,"key":"LIFT"}],"neow_cost":"NO_GOLD","seed_source_timestamp":445759152420874,"circlet_count":0,"master_deck":["Strike_R","Strike_R","Strike_R","Defend_R","Defend_R","Defend_R","Defend_R","Bash+1","Armaments+1","Headbutt","Pommel Strike+1","Shrug It Off+1","Twin Strike","Barricade+1","True Grit+1","Rage+1","True Grit+1","Entrench+1","Carnage","Power Through+1","Ghostly Armor+1","Bludgeon+1","Immolate","Flame Barrier+1","Spot Weakness+1","Regret","Corruption+1"],"relics":["Burning Blood","Thread and Needle","Toxic Egg 2","Ornamental Fan","Mercury Hourglass","Ginger","Velvet Choker","Blood Vial","Strawberry","Girya","Cursed Key","Bronze Scales","Peace Pipe","Dead Branch","Ancient Tea Set"],"potions_floor_usage":[27,27,33,36,50,50],"damage_taken":[{"damage":11,"enemies":"Jaw Worm","floor":1,"turns":5},{"damage":0,"enemies":"2 Louse","floor":2,"turns":4},{"damage":27,"enemies":"3 Sentries","floor":7,"turns":10},{"damage":0,"enemies":"Cultist","floor":8,"turns":4},{"damage":4,"enemies":"Blue Slaver","floor":10,"turns":3},{"damage":11,"enemies":"Exordium Thugs","floor":11,"turns":4},{"damage":35,"enemies":"Lagavulin","floor":14,"turns":6},{"damage":33,"enemies":"The Guardian","floor":16,"turns":12},{"damage":0,"enemies":"Chosen","floor":18,"turns":4},{"damage":9,"enemies":"3 Byrds","floor":20,"turns":5},{"damage":6,"enemies":"Snake Plant","floor":24,"turns":5},{"damage":4,"enemies":"Shelled Parasite and Fungi","floor":25,"turns":11},{"damage":24,"enemies":"Book of Stabbing","floor":27,"turns":7},{"damage":3,"enemies":"Chosen and Byrds","floor":28,"turns":11},{"damage":36,"enemies":"Gremlin Leader","floor":30,"turns":9},{"damage":6,"enemies":"3 Cultists","floor":31,"turns":6},{"damage":25,"enemies":"Collector","floor":33,"turns":22},{"damage":11,"enemies":"3 Darklings","floor":35,"turns":6},{"damage":7,"enemies":"Orb Walker","floor":36,"turns":3},{"damage":3,"enemies":"Maw","floor":37,"turns":11},{"damage":0,"enemies":"4 Shapes","floor":40,"turns":4},{"damage":0,"enemies":"Reptomancer","floor":41,"turns":10},{"damage":29,"enemies":"Spire Growth","floor":45,"turns":5},{"damage":8,"enemies":"Transient","floor":47,"turns":5},{"damage":0,"enemies":"Giant Head","floor":48,"turns":7},{"damage":93,"enemies":"Donu and Deca","floor":50,"turns":7}],"seed_played":"-4181850458519322670","potions_obtained":[{"floor":1,"key":"SkillPotion"},{"floor":10,"key":"GamblersBrew"},{"floor":16,"key":"Swift Potion"},{"floor":24,"key":"Weak Potion"},{"floor":27,"key":"Swift Potion"},{"floor":33,"key":"Block Potion"},{"floor":40,"key":"LiquidBronze"},{"floor":45,"key":"Block Potion"}],"is_trial":false,"path_per_floor":["M","M","?","?","?","R","E","M","T","M","M","?","$","E","R","B",null,"M","?","M","?","$","R","M","M","T","E","M","R","E","M","R","B",null,"M","M","M","$","?","M","E","$","T","R","M","R","M","E","R","B"],"character_chosen":"IRONCLAD","items_purchased":["PowerPotion","True Grit+1","Rage+1","Flame Barrier+1","Bronze Scales","Fire Potion","Energy Potion"],"campfire_rested":1,"item_purchase_floors":[13,22,22,38,38,38,38],"current_hp_per_floor":[75,80,73,73,73,73,52,58,58,60,55,55,55,26,50,23,80,80,80,77,77,77,77,77,79,79,69,74,74,46,48,48,31,87,82,83,87,87,87,87,87,87,87,87,64,64,64,72,72,0],"gold":104,"neow_bonus":"ONE_RARE_RELIC","is_prod":false,"is_daily":false,"chose_seed":false,"campfire_upgraded":5,"win_rate":0,"timestamp":1548228710,"path_taken":["M","M","?","?","?","R","E","M","T","M","?","?","$","E","R","BOSS","M","?","?","?","$","R","M","M","T","E","M","R","E","?","R","BOSS","M","M","M","$","?","?","E","?","T","R","M","R","M","E","R","BOSS"],"build_version":"2019-01-17v2","purchased_purges":1,"victory":false,"max_hp_per_floor":[80,80,80,80,80,80,80,80,80,80,80,80,80,80,80,80,80,80,80,80,80,80,80,80,80,80,87,87,87,87,87,87,87,87,87,87,87,87,87,87,87,87,87,87,87,87,87,87,87,87],"card_choices":[{"not_picked":["Entrench","Wild Strike"],"picked":"Armaments","floor":1},{"not_picked":["Disarm","Flex"],"picked":"Headbutt","floor":2},{"not_picked":["Rage+1","Berserk"],"picked":"Pommel Strike","floor":7},{"not_picked":["Headbutt","Dual Wield+1","Heavy Blade"],"picked":"SKIP","floor":8},{"not_picked":["Second Wind+1","Pummel"],"picked":"Shrug It Off+1","floor":10},{"not_picked":["Iron Wave","Fire Breathing"],"picked":"Twin Strike","floor":11},{"not_picked":["Havoc+1","Twin Strike","Rage+1"],"picked":"SKIP","floor":14},{"not_picked":["Exhume+1","Feed"],"picked":"Barricade","floor":16},{"not_picked":["Havoc+1","Bloodletting+1","Power Through+1"],"picked":"SKIP","floor":18},{"not_picked":["Havoc+1","Clash","Rampage+1"],"picked":"SKIP","floor":20},{"not_picked":["Flex+1","Wild Strike"],"picked":"True Grit+1","floor":24},{"not_picked":["Flex+1","Perfected Strike"],"picked":"Combust","floor":25},{"not_picked":["Armaments+1","Sentinel+1"],"picked":"Entrench+1","floor":27},{"not_picked":["Flex+1","Pummel"],"picked":"Carnage","floor":28},{"not_picked":["Feed","Heavy Blade"],"picked":"Power Through+1","floor":30},{"not_picked":["Disarm+1","Heavy Blade"],"picked":"Ghostly Armor+1","floor":31},{"not_picked":["Feed","Double Tap+1"],"picked":"Bludgeon","floor":33},{"not_picked":["Wild Strike","Iron Wave+1","Armaments+1"],"picked":"SKIP","floor":35},{"not_picked":["Blood for Blood","Flex+1","Evolve+1"],"picked":"SKIP","floor":36},{"not_picked":["Perfected Strike+1","Pommel Strike"],"picked":"Immolate","floor":37},{"not_picked":["Pummel","Wild Strike","Twin Strike"],"picked":"SKIP","floor":40},{"not_picked":["Warcry+1","Rage+1"],"picked":"Spot Weakness+1","floor":41},{"not_picked":["Hemokinesis","Carnage"],"picked":"Corruption","floor":45},{"not_picked":["Iron Wave","Cleave","Combust+1"],"picked":"SKIP","floor":47},{"not_picked":["Clash","Flex+1","Thunderclap"],"picked":"SKIP","floor":48}],"player_experience":249746,"relics_obtained":[{"floor":7,"key":"Ornamental Fan"},{"floor":9,"key":"Mercury Hourglass"},{"floor":14,"key":"Ginger"},{"floor":26,"key":"Blood Vial"},{"floor":27,"key":"Strawberry"},{"floor":30,"key":"Girya"},{"floor":41,"key":"Peace Pipe"},{"floor":43,"key":"Dead Branch"},{"floor":48,"key":"Ancient Tea Set"}],"event_choices":[{"cards_removed":["Strike_R"],"damage_healed":0,"gold_gain":0,"player_choice":"Card Removal","damage_taken":7,"max_hp_gain":0,"max_hp_loss":0,"event_name":"Golden Wing","floor":3,"gold_loss":0},{"damage_healed":0,"gold_gain":0,"player_choice":"Leave","damage_taken":0,"max_hp_gain":0,"max_hp_loss":0,"event_name":"The Cleric","floor":4,"gold_loss":0},{"damage_healed":0,"gold_gain":0,"player_choice":"Gave Potion","damage_taken":0,"relics_obtained":["Toxic Egg 2"],"max_hp_gain":0,"max_hp_loss":0,"event_name":"WeMeetAgain","floor":5,"gold_loss":0},{"damage_healed":0,"gold_gain":0,"player_choice":"Grow","damage_taken":0,"max_hp_gain":0,"max_hp_loss":0,"event_name":"Living Wall","floor":12,"gold_loss":0,"cards_upgraded":["Bash"]},{"damage_healed":0,"gold_gain":0,"player_choice":"Upgraded","damage_taken":0,"max_hp_gain":0,"max_hp_loss":0,"event_name":"Upgrade Shrine","floor":19,"gold_loss":0,"cards_upgraded":["Barricade"]},{"damage_healed":0,"gold_gain":0,"player_choice":"Ignored","damage_taken":0,"max_hp_gain":0,"max_hp_loss":0,"event_name":"N\u0027loth","floor":21,"gold_loss":0},{"cards_removed":["Combust"],"damage_healed":0,"gold_gain":0,"player_choice":"Offered Uncommon","damage_taken":0,"max_hp_gain":0,"max_hp_loss":0,"event_name":"Bonfire Elementals","floor":39,"gold_loss":0}],"is_beta":false,"boss_relics":[{"not_picked":["Calling Bell","Tiny House"],"picked":"Velvet Choker"},{"not_picked":["Snecko Eye","Busted Crown"],"picked":"Cursed Key"}],"items_purged_floors":[22],"is_endless":false,"potions_floor_spawned":[1,10,16,18,24,27,33,40,45,47],"killed_by":"Donu and Deca","ascension_level":4}