{"gold_per_floor":[119,130,146,146,146,146,221,170,170,100,100,100,113,136,136,262,262,278,81,81,81,96,139,155,9,9,9,24,37,37,58,58,58],"floor_reached":33,"playtime":1286,"items_purged":[],"score":282,"play_id":"6bd6bed5-7e5b-4d25-adf9-222230b950ad","local_time":"20190110123633","is_ascension_mode":false,"campfire_choices":[{"data":"Bash","floor":6,"key":"SMITH"},{"data":"Flex","floor":12,"key":"SMITH"},{"data":"Shrug It Off","floor":15,"key":"SMITH"},{"floor":30,"key":"REST"},{"data":"Armaments","floor":32,"key":"SMITH"}],"neow_cost":"NONE","seed_source_timestamp":43282924690322,"circlet_count":0,"master_deck":["Strike_R","Strike_R","Strike_R","Strike_R","Defend_R","Defend_R","Defend_R","Defend_R","Bash+1","Pommel Strike","Sword Boomerang","Shrug It Off+1","Flex+1","Shrug It Off","Wild Strike","Armaments+1","Twin Strike","Flex+1","Clash+1"],"relics":["Burning Blood","Golden Idol","Pocketwatch","Eternal Feather","Orichalcum","Thread and Needle","Pen Nib","Mango"],"potions_floor_usage":[24,33,33],"damage_taken":[{"damage":12,"enemies":"Cultist","floor":1,"turns":5},{"damage":0,"enemies":"2 Louse","floor":2,"turns":2},{"damage":0,"enemies":"Small Slimes","floor":3,"turns":3},{"damage":18,"enemies":"Gremlin Gang","floor":13,"turns":4},{"damage":2,"enemies":"3 Louse","floor":14,"turns":3},{"damage":22,"enemies":"Slime Boss","floor":16,"turns":12},{"damage":12,"enemies":"Shell Parasite","floor":18,"turns":4},{"damage":10,"enemies":"Chosen","floor":22,"turns":4},{"damage":70,"enemies":"Book of Stabbing","floor":23,"turns":7},{"damage":9,"enemies":"Shelled Parasite and Fungi","floor":24,"turns":9},{"damage":3,"enemies":"Centurion and Healer","floor":28,"turns":7},{"damage":11,"enemies":"Chosen and Byrds","floor":29,"turns":5},{"damage":18,"enemies":"Shelled Parasite and Fungi","floor":31,"turns":5},{"damage":94,"enemies":"Collector","floor":33,"turns":13}],"seed_played":"-185860153586265818","potions_obtained":[{"floor":1,"key":"Regen Potion"},{"floor":14,"key":"Fire Potion"},{"floor":16,"key":"Dexterity Potion"},{"floor":29,"key":"Energy Potion"},{"floor":31,"key":"Regen Potion"}],"is_trial":false,"path_per_floor":["M","M","M","?","?","R","?","$","T","$","?","R","M","M","R","B",null,"M","$","?","?","M","E","M","$","T","?","M","M","R","M","R","B"],"character_chosen":"IRONCLAD","items_purchased":["Shrug It Off","Flex","Shrug It Off","Orichalcum","Armaments","Pen Nib"],"campfire_rested":1,"item_purchase_floors":[8,10,10,19,19,25],"current_hp_per_floor":[82,88,88,81,81,81,70,70,70,70,70,70,58,62,62,46,81,75,75,75,75,71,7,19,19,33,33,36,31,68,56,65,0],"gold":58,"neow_bonus":"TEN_PERCENT_HP_BONUS","is_prod":false,"is_daily":false,"chose_seed":false,"campfire_upgraded":4,"win_rate":0,"timestamp":1547141793,"path_taken":["M","M","?","?","?","R","?","$","T","$","?","R","M","M","R","BOSS","M","?","?","?","?","E","M","$","T","?","?","M","R","M","R","BOSS"],"build_version":"2019-01-09","purchased_purges":0,"victory":false,"max_hp_per_floor":[88,88,88,81,81,81,81,81,81,81,81,81,81,81,81,81,81,81,81,81,81,81,81,81,81,95,95,95,95,95,95,95,95],"card_choices":[{"not_picked":["Dual Wield","Body Slam"],"picked":"Pommel Strike","floor":1},{"not_picked":["Heavy Blade","Power Through"],"picked":"Sword Boomerang","floor":2},{"not_picked":["Combust","Exhume","Havoc"],"picked":"SKIP","floor":3},{"not_picked":["Heavy Blade","Headbutt"],"picked":"Wild Strike","floor":13},{"not_picked":["Havoc","Second Wind","Barricade"],"picked":"SKIP","floor":14},{"not_picked":["Headbutt","Spot Weakness","Wild Strike"],"picked":"SKIP","floor":18},{"not_picked":["Rage","True Grit"],"picked":"Twin Strike","floor":22},{"not_picked":["Berserk","Battle Trance","Seeing Red+1"],"picked":"SKIP","floor":23},{"not_picked":["Spot Weakness","Twin Strike","Uppercut"],"picked":"SKIP","floor":24},{"not_picked":["Headbutt","Disarm+1","Body Slam"],"picked":"SKIP","floor":28},{"not_picked":["Combust+1","Havoc"],"picked":"Clash+1","floor":29},{"not_picked":["Reaper","Uppercut","True Grit"],"picked":"SKIP","floor":31}],"player_experience":527536,"relics_obtained":[{"floor":9,"key":"Pocketwatch"},{"floor":23,"key":"Thread and Needle"},{"floor":26,"key":"Mango"}],"event_choices":[{"damage_healed":0,"gold_gain":0,"player_choice":"Lose Max HP","damage_taken":0,"relics_obtained":["Golden Idol"],"max_hp_gain":0,"max_hp_loss":7,"event_name":"Golden Idol","floor":4,"gold_loss":0},{"damage_healed":0,"gold_gain":0,"player_choice":"Ignored","damage_taken":0,"max_hp_gain":0,"max_hp_loss":0,"event_name":"Golden Wing","floor":5,"gold_loss":0},{"damage_healed":0,"gold_gain":75,"player_choice":"Gather Gold","damage_taken":11,"max_hp_gain":0,"max_hp_loss":0,"event_name":"World of Goop","floor":7,"gold_loss":0},{"damage_healed":0,"gold_gain":0,"player_choice":"Bought 0 Potions","damage_taken":0,"max_hp_gain":0,"max_hp_loss":0,"event_name":"The Woman in Blue","floor":11,"gold_loss":0},{"damage_healed":0,"gold_gain":0,"player_choice":"Ignored","damage_taken":0,"max_hp_gain":0,"max_hp_loss":0,"event_name":"Beggar","floor":20,"gold_loss":0},{"cards_removed":["Strike_R"],"damage_healed":0,"gold_gain":0,"player_choice":"Offered Basic","damage_taken":0,"max_hp_gain":0,"max_hp_loss":0,"event_name":"Bonfire Elementals","floor":21,"gold_loss":0},{"damage_healed":0,"gold_gain":0,"player_choice":"Copied","damage_taken":0,"max_hp_gain":0,"max_hp_loss":0,"event_name":"Duplicator","floor":27,"gold_loss":0,"cards_obtained":["Flex"]}],"is_beta":true,"boss_relics":[{"not_picked":["Runic Dome","White Beast Statue"],"picked":"Eternal Feather"}],"items_purged_floors":[],"is_endless":false,"potions_floor_spawned":[1,14,16,29,31],"killed_by":"Collector","ascension_level":0}