{"gold_per_floor":[110,123,12,12,28,28,58,69,69,85,149,182,201,213,213,213],"floor_reached":16,"playtime":1175,"items_purged":["Injury"],"score":185,"play_id":"6c27b356-d4e2-4922-b253-3d9f0b15414f","local_time":"20181004132354","is_ascension_mode":true,"campfire_choices":[{"data":"Rampage","floor":6,"key":"SMITH"},{"floor":15,"key":"REST"}],"neow_cost":"CURSE","seed_source_timestamp":61429742409737,"circlet_count":0,"master_deck":["Strike_R","Strike_R","Strike_R","Strike_R","Strike_R","Defend_R","Defend_R","Defend_R","Defend_R","Bash","Pommel Strike","Warcry","Rampage+1","True Grit","Reaper"],"relics":["Burning Blood","Bottled Lightning","The Courier","Torii","Dodecahedron"],"potions_floor_usage":[12,16,16],"damage_taken":[{"damage":8,"enemies":"Jaw Worm","floor":1,"turns":6},{"damage":8,"enemies":"2 Louse","floor":2,"turns":3},{"damage":1,"enemies":"Cultist","floor":5,"turns":3},{"damage":32,"enemies":"Gremlin Nob","floor":7,"turns":4},{"damage":13,"enemies":"3 Louse","floor":8,"turns":5},{"damage":7,"enemies":"Looter","floor":10,"turns":4},{"damage":22,"enemies":"3 Sentries","floor":11,"turns":12},{"damage":16,"enemies":"3 Sentries","floor":12,"turns":10},{"damage":30,"enemies":"Large Slime","floor":13,"turns":8},{"damage":25,"enemies":"3 Louse","floor":14,"turns":3},{"damage":68,"enemies":"Slime Boss","floor":16,"turns":9}],"seed_played":"-3843262579639056915","potions_obtained":[{"floor":2,"key":"EssenceOfSteel"},{"floor":7,"key":"Energy Potion"},{"floor":10,"key":"BloodPotion"},{"floor":11,"key":"SkillPotion"},{"floor":12,"key":"Strength Potion"}],"is_trial":false,"path_per_floor":["M","M","$","?","M","R","E","M","T","M","?","E","M","M","R"],"character_chosen":"IRONCLAD","items_purchased":["Rampage"],"campfire_rested":1,"item_purchase_floors":[3],"current_hp_per_floor":[86,84,84,89,94,94,68,61,61,60,44,44,20,13,43,0],"gold":213,"neow_bonus":"TWENTY_PERCENT_HP_BONUS","is_prod":false,"is_daily":false,"chose_seed":false,"campfire_upgraded":1,"win_rate":0,"timestamp":1538673834,"path_taken":["M","M","$","?","M","R","E","M","T","M","?","E","?","M","R","BOSS"],"build_version":"2018-09-27","purchased_purges":1,"victory":false,"max_hp_per_floor":[96,96,96,101,101,101,101,101,101,101,101,101,101,101,101,101],"card_choices":[{"not_picked":["Sword Boomerang","Twin Strike"],"picked":"Pommel Strike","floor":1},{"not_picked":["Power Through","Bloodletting"],"picked":"Warcry","floor":2},{"not_picked":["Clash","Pummel","Fire Breathing"],"picked":"SKIP","floor":5},{"not_picked":["Dropkick","Hemokinesis","Iron Wave"],"picked":"SKIP","floor":7},{"not_picked":["Fire Breathing","Cleave","Clash"],"picked":"SKIP","floor":8},{"not_picked":["Thunderclap","Corruption"],"picked":"True Grit","floor":10},{"not_picked":["Carnage","Body Slam"],"picked":"Reaper","floor":12},{"not_picked":["Thunderclap","Warcry","Iron Wave"],"picked":"SKIP","floor":13},{"not_picked":["Clothesline","Rampage","Havoc"],"picked":"SKIP","floor":14}],"player_experience":553951,"relics_obtained":[{"floor":7,"key":"Bottled Lightning"},{"floor":9,"key":"The Courier"},{"floor":12,"key":"Dodecahedron"}],"event_choices":[{"event_name":"Big Fish","player_choice":"Donut","floor":4,"damage_taken":0},{"event_name":"Dead Adventurer","player_choice":"Searched \u00272\u0027 times","floor":11,"damage_taken":0}],"is_beta":false,"boss_relics":[],"items_purged_floors":[3],"is_endless":false,"potions_floor_spawned":[2,7,10,11,11,12],"killed_by":"Slime Boss","ascension_level":8}