{"gold_per_floor":[114,114,114,125,140,140,168,42,42,123,133,133,146,156,156,260,260,279,291,491,510,49,49,49,66,66,80,108,108,31,51,51,51],"floor_reached":33,"playtime":1447,"items_purged":["Strike_R","Strike_R"],"score":350,"play_id":"9ec2f441-db44-435f-83c8-169a9e682b1d","local_time":"20190127225215","is_ascension_mode":true,"campfire_choices":[{"data":"Bludgeon","floor":6,"key":"SMITH"},{"floor":12,"key":"REST"},{"data":"Inflame","floor":15,"key":"SMITH"},{"data":"Disarm","floor":23,"key":"SMITH"},{"data":"True Grit","floor":32,"key":"SMITH"}],"neow_cost":"PERCENT_DAMAGE","seed_source_timestamp":876905661599919,"circlet_count":0,"master_deck":["Strike_R","Strike_R","Strike_R","Defend_R","Defend_R","Defend_R","Defend_R","Bash","Bludgeon+1","Cleave","Disarm+1","Inflame+1","Reaper","Pummel+1","Metallicize","Immolate+1","True Grit+1","Inflame","Ghostly Armor","Flash of Steel+1","J.A.X.","Sword Boomerang+1","Ghostly Armor+1","Disarm","Clothesline+1","Shockwave"],"relics":["Burning Blood","Kunai","Dodecahedron","Molten Egg 2","Tiny Chest","Lizard Tail","Regal Pillow","Self Forming Clay","Art of War"],"potions_floor_usage":[4,11,18,27,27,28,33],"damage_taken":[{"damage":7,"enemies":"Jaw Worm","floor":1,"turns":2},{"damage":6,"enemies":"Small Slimes","floor":4,"turns":2},{"damage":0,"enemies":"Cultist","floor":5,"turns":2},{"damage":45,"enemies":"3 Sentries","floor":7,"turns":7},{"damage":0,"enemies":"2 Fungi Beasts","floor":11,"turns":2},{"damage":18,"enemies":"Exordium Thugs","floor":13,"turns":3},{"damage":18,"enemies":"3 Louse","floor":14,"turns":4},{"damage":41,"enemies":"Hexaghost","floor":16,"turns":11},{"damage":17,"enemies":"2 Thieves","floor":18,"turns":4},{"damage":11,"enemies":"3 Byrds","floor":19,"turns":5},{"damage":30,"enemies":"Snake Plant","floor":21,"turns":4},{"damage":29,"enemies":"Sentry and Sphere","floor":25,"turns":5},{"damage":20,"enemies":"Centurion and Healer","floor":27,"turns":7},{"damage":29,"enemies":"Slavers","floor":28,"turns":3},{"damage":14,"enemies":"Snecko","floor":31,"turns":6},{"damage":66,"enemies":"Champ","floor":33,"turns":12}],"seed_played":"5927779810899982405","potions_obtained":[{"floor":4,"key":"Fruit Juice"},{"floor":7,"key":"Strength Potion"},{"floor":19,"key":"SteroidPotion"},{"floor":25,"key":"Strength Potion"},{"floor":28,"key":"Block Potion"}],"is_trial":false,"path_per_floor":["M","?","?","M","M","R","E","$","T","T","M","R","M","M","R","B",null,"M","M","?","M","$","R","?","M","T","M","E","?","$","M","R","B"],"character_chosen":"IRONCLAD","items_purchased":["Fire Potion","Ghostly Armor","Flash of Steel+1","Regal Pillow","Strength Potion","Shockwave"],"campfire_rested":1,"item_purchase_floors":[8,22,22,22,22,30],"current_hp_per_floor":[50,55,43,48,54,54,15,15,15,15,25,52,46,52,52,27,74,69,64,64,40,40,40,40,17,17,21,51,51,51,50,50,0],"gold":51,"neow_bonus":"THREE_RARE_CARDS","is_prod":false,"is_daily":false,"chose_seed":false,"campfire_upgraded":4,"win_rate":0,"timestamp":1548658335,"path_taken":["M","?","?","M","M","R","E","$","T","?","M","R","M","M","R","BOSS","M","?","?","M","?","R","?","M","T","?","E","?","$","M","R","BOSS"],"build_version":"2019-01-23","purchased_purges":2,"victory":false,"max_hp_per_floor":[80,85,85,90,90,90,90,90,90,90,90,90,90,90,90,90,90,90,90,90,90,90,90,90,90,90,90,90,90,90,90,90,90],"card_choices":[{"not_picked":["Berserk","Fiend Fire"],"picked":"Bludgeon","floor":0},{"not_picked":["Sword Boomerang","Havoc"],"picked":"Cleave","floor":1},{"not_picked":["Cleave","Sever Soul"],"picked":"Disarm","floor":4},{"not_picked":["Clash","Iron Wave"],"picked":"Inflame","floor":5},{"not_picked":["Blood for Blood","Headbutt"],"picked":"Reaper","floor":7},{"not_picked":["Iron Wave+1","Cleave+1"],"picked":"Pummel+1","floor":11},{"not_picked":["Pummel+1","Rampage+1","Bloodletting"],"picked":"SKIP","floor":13},{"not_picked":["Heavy Blade+1","Ghostly Armor"],"picked":"Metallicize","floor":14},{"not_picked":["Bludgeon+1","Impervious"],"picked":"Immolate+1","floor":16},{"not_picked":["Reckless Charge+1","Havoc","Clash+1"],"picked":"SKIP","floor":18},{"not_picked":["Heavy Blade+1","Burning Pact"],"picked":"True Grit","floor":19},{"not_picked":["Body Slam+1","Perfected Strike+1"],"picked":"Inflame","floor":21},{"not_picked":["Infernal Blade","Whirlwind+1"],"picked":"Sword Boomerang+1","floor":25},{"not_picked":["Cleave+1","Warcry"],"picked":"Ghostly Armor+1","floor":27},{"not_picked":["Double Tap","Pummel+1"],"picked":"Disarm","floor":28},{"not_picked":["Armaments","Rampage+1","Dropkick+1"],"picked":"SKIP","floor":31}],"player_experience":269718,"relics_obtained":[{"floor":7,"key":"Dodecahedron"},{"floor":9,"key":"Molten Egg 2"},{"floor":10,"key":"Tiny Chest"},{"floor":26,"key":"Self Forming Clay"},{"floor":28,"key":"Art of War"}],"event_choices":[{"damage_healed":0,"gold_gain":0,"player_choice":"Donut","damage_taken":0,"max_hp_gain":5,"max_hp_loss":0,"event_name":"Big Fish","floor":2,"gold_loss":0},{"damage_healed":0,"gold_gain":0,"player_choice":"Success","damage_taken":12,"relics_obtained":["Kunai"],"max_hp_gain":0,"max_hp_loss":0,"event_name":"Scrap Ooze","floor":3,"gold_loss":0},{"damage_healed":0,"gold_gain":250,"player_choice":"Bet on Owner","damage_taken":0,"max_hp_gain":0,"max_hp_loss":0,"event_name":"The Joust","floor":20,"gold_loss":50},{"damage_healed":0,"gold_gain":0,"player_choice":"Obtain J.A.X.","damage_taken":0,"max_hp_gain":0,"max_hp_loss":0,"event_name":"Drug Dealer","floor":24,"gold_loss":0,"cards_obtained":["J.A.X."]},{"damage_healed":0,"gold_gain":0,"player_choice":"Read","damage_taken":0,"max_hp_gain":0,"max_hp_loss":0,"event_name":"The Library","floor":29,"gold_loss":0,"cards_obtained":["Clothesline"]}],"is_beta":false,"boss_relics":[{"not_picked":["Runic Dome","Pandora\u0027s Box"],"picked":"Lizard Tail"}],"items_purged_floors":[8,22],"is_endless":false,"potions_floor_spawned":[4,7,19,25,28],"killed_by":"Champ","ascension_level":6}