{"gold_per_floor":[114,114,39,57,74,74,107,107,107,107,107,133,133,146,146,219,219,237,28,43,63,80,80,34,68,91,91,101,16,16,16,16,91,91,103,203,220,270,289,323,323,333,333,333],"floor_reached":44,"playtime":1836,"items_purged":["Strike_R"],"score":816,"play_id":"d23324b0-f557-46bf-8914-706691fda922","local_time":"20190212215858","is_ascension_mode":true,"campfire_choices":[{"data":"Bash","floor":6.0,"key":"SMITH"},{"data":"Sword Boomerang","floor":8.0,"key":"SMITH"},{"data":"Defend_R","floor":10,"key":"SMITH"},{"floor":15,"key":"REST"},{"floor":23,"key":"REST"},{"floor":27,"key":"REST"},{"floor":30,"key":"REST"},{"floor":32,"key":"RECALL"},{"floor":41,"key":"REST"}],"neow_cost":"NONE","seed_source_timestamp":16618256158500,"circlet_count":0,"master_deck":["AscendersBane","Strike_R","Strike_R","Strike_R","Strike_R","Defend_R","Defend_R","Defend_R","Defend_R+1","Bash+1","Uppercut+1","Sword Boomerang+1","Battle Trance","Demon Form","Battle Trance","Shrug It Off","Spot Weakness+1","Headbutt","Writhe","Reaper","Battle Trance","Offering","Heavy Blade+1","Parasite"],"special_seed":0,"relics":["Burning Blood","Strawberry","Paper Frog","Bottled Flame","Gambling Chip","Blood Vial","Fusion Hammer","DollysMirror","Ornamental Fan","Art of War","Pantograph","Lantern","Mark of Pain","Unceasing Top","Boot","Shuriken"],"potions_floor_usage":[12,16,16,16,20,25,40],"damage_taken":[{"damage":11.0,"enemies":"Jaw Worm","floor":1.0,"turns":6.0},{"damage":3.0,"enemies":"2 Louse","floor":4.0,"turns":3.0},{"damage":0.0,"enemies":"Cultist","floor":5.0,"turns":3.0},{"damage":24.0,"enemies":"Gremlin Nob","floor":7.0,"turns":4.0},{"damage":39,"enemies":"3 Sentries","floor":12,"turns":8},{"damage":21,"enemies":"Lots of Slimes","floor":14,"turns":5},{"damage":29,"enemies":"The Guardian","floor":16,"turns":11},{"damage":19,"enemies":"Spheric Guardian","floor":18,"turns":4},{"damage":17,"enemies":"2 Thieves","floor":20,"turns":4},{"damage":18,"enemies":"Snecko","floor":21,"turns":5},{"damage":25,"enemies":"Snake Plant","floor":22,"turns":4},{"damage":33,"enemies":"Gremlin Leader","floor":25,"turns":6},{"damage":8,"enemies":"Centurion and Healer","floor":28,"turns":4},{"damage":16,"enemies":"Champ","floor":33,"turns":8},{"damage":41,"enemies":"3 Darklings","floor":35,"turns":5},{"damage":13,"enemies":"Mind Bloom Boss Battle","floor":36,"turns":7},{"damage":18,"enemies":"Orb Walker","floor":37,"turns":4},{"damage":48,"enemies":"Jaw Worm Horde","floor":39,"turns":4},{"damage":78,"enemies":"Giant Head","floor":40,"turns":8},{"damage":75,"enemies":"Spire Growth","floor":42,"turns":6},{"damage":54,"enemies":"Writhing Mass","floor":44,"turns":3}],"seed_played":"1709213179148275406","potions_obtained":[{"floor":1.0,"key":"Explosive Potion"},{"floor":5.0,"key":"PowerPotion"},{"floor":13,"key":"EntropicBrew"},{"floor":16,"key":"FairyPotion"},{"floor":20,"key":"Strength Potion"},{"floor":37,"key":"Block Potion"},{"floor":40,"key":"FearPotion"}],"is_trial":false,"path_per_floor":["M","?","$","M","M","R","E","R","T","R","?","E","?","M","R","B",null,"M","$","M","M","M","R","$","E","T","R","M","?","R","?","R","B",null,"M","?","M","?","M","E","R","M","T","M"],"character_chosen":"IRONCLAD","items_purchased":["DollysMirror","Shrug It Off"],"campfire_rested":5,"item_purchase_floors":[19,24],"current_hp_per_floor":[70,70,70,73,79,79,61,61,61,61,56,23,23,10,34,13,65,54,54,54,44,27,51,51,26,26,50,50,50,74,74,74,72,80,47,82,70,70,57,23,47,26,26,0],"gold":333,"neow_bonus":"RANDOM_COMMON_RELIC","is_prod":false,"is_daily":false,"chose_seed":false,"campfire_upgraded":3,"win_rate":0,"timestamp":1550001538,"path_taken":["M","?","$","M","M","R","E","R","T","R","?","E","?","?","R","BOSS","M","$","?","M","M","R","?","E","T","R","M","?","R","?","R","BOSS","M","?","M","?","M","E","R","?","T","M"],"build_version":"2019-01-23","purchased_purges":1,"victory":false,"max_hp_per_floor":[82,82,82,82,82,82,82,82,82,82,82,82,82,82,82,82,82,82,82,82,82,82,82,82,82,82,82,82,82,82,82,82,82,82,82,82,82,82,82,82,82,82,82,82],"card_choices":[{"not_picked":["True Grit","Perfected Strike"],"picked":"Uppercut","floor":1.0},{"not_picked":["Body Slam","Intimidate","Iron Wave"],"picked":"SKIP","floor":4.0},{"not_picked":["Reckless Charge","Pummel"],"picked":"Sword Boomerang","floor":5.0},{"not_picked":["Second Wind","Cleave","Flex"],"picked":"SKIP","floor":7.0},{"not_picked":["Corruption","Offering"],"picked":"Battle Trance","floor":12},{"not_picked":["Perfected Strike","Hemokinesis","Thunderclap"],"picked":"SKIP","floor":14},{"not_picked":["Impervious","Reaper"],"picked":"Demon Form","floor":16},{"not_picked":["Sever Soul","Armaments","Clash"],"picked":"SKIP","floor":18},{"not_picked":["Warcry","Sword Boomerang","Heavy Blade"],"picked":"SKIP","floor":20},{"not_picked":["Feel No Pain","Cleave","Iron Wave"],"picked":"SKIP","floor":21},{"not_picked":["True Grit","Havoc","Rupture"],"picked":"SKIP","floor":22},{"not_picked":["Perfected Strike","Sword Boomerang"],"picked":"Spot Weakness+1","floor":25},{"not_picked":["Fire Breathing","Shrug It Off"],"picked":"Headbutt","floor":28},{"not_picked":["Exhume","Double Tap"],"picked":"Reaper","floor":33},{"not_picked":["Sword Boomerang","Flex","Cleave"],"picked":"SKIP","floor":35},{"not_picked":["Rage","Whirlwind"],"picked":"Battle Trance","floor":37},{"not_picked":["Body Slam+1","Spot Weakness","Uppercut"],"picked":"SKIP","floor":39},{"not_picked":["Rupture","Cleave"],"picked":"Offering","floor":40},{"not_picked":["Thunderclap+1","Bloodletting"],"picked":"Heavy Blade+1","floor":42}],"player_experience":715310,"relics_obtained":[{"floor":7.0,"key":"Paper Frog"},{"floor":9,"key":"Bottled Flame"},{"floor":12,"key":"Blood Vial"},{"floor":25,"key":"Ornamental Fan"},{"floor":26,"key":"Art of War"},{"floor":36,"key":"Unceasing Top"},{"floor":40,"key":"Boot"},{"floor":43,"key":"Shuriken"}],"event_choices":[{"damage_healed":0.0,"max_hp_gain":0.0,"max_hp_loss":0.0,"gold_gain":0.0,"event_name":"Living Wall","player_choice":"Grow","floor":2.0,"gold_loss":0.0,"damage_taken":0.0,"cards_upgraded":["Uppercut"]},{"damage_healed":0,"gold_gain":0,"player_choice":"Success","damage_taken":5,"relics_obtained":["Gambling Chip"],"max_hp_gain":0,"max_hp_loss":0,"event_name":"Scrap Ooze","floor":11,"gold_loss":0},{"damage_healed":0,"gold_gain":0,"player_choice":"Got Potions","damage_taken":0,"max_hp_gain":0,"max_hp_loss":0,"event_name":"Lab","floor":13,"gold_loss":0},{"damage_healed":0,"gold_gain":0,"player_choice":"Obtained Relic","damage_taken":0,"relics_obtained":["Pantograph"],"max_hp_gain":0,"max_hp_loss":0,"event_name":"Addict","floor":29,"gold_loss":85},{"damage_healed":0,"gold_gain":0,"player_choice":"Opened","damage_taken":0,"relics_obtained":["Lantern"],"max_hp_gain":0,"max_hp_loss":0,"event_name":"The Mausoleum","floor":31,"gold_loss":0,"cards_obtained":["Writhe"]},{"damage_healed":0,"gold_gain":0,"player_choice":"Fight","damage_taken":0,"max_hp_gain":0,"max_hp_loss":0,"event_name":"MindBloom","floor":36,"gold_loss":0},{"damage_healed":0,"gold_gain":50,"player_choice":"Pray","damage_taken":0,"max_hp_gain":0,"max_hp_loss":0,"event_name":"Golden Shrine","floor":38,"gold_loss":0}],"is_beta":false,"boss_relics":[{"not_picked":["Pandora\u0027s Box","Astrolabe"],"picked":"Fusion Hammer"},{"not_picked":["Philosopher\u0027s Stone","Runic Dome"],"picked":"Mark of Pain"}],"items_purged_floors":[3],"is_endless":false,"potions_floor_spawned":[1,5,16,18,20,37,40],"killed_by":"Writhing Mass","ascension_level":15}