{"gold_per_floor":[112,126,15,90,110,110,145,145,171,202,202,202,202,214,214,290,290,306,17,37,49,49,49,59,86,176,188,210,233,263,295,307,392,404,430,456,478,115,115],"floor_reached":39,"playtime":3244,"items_purged":["Strike_B","Parasite","Strike_B"],"score":685,"play_id":"1816dd26-a888-4cd4-be68-bfeda954607f","local_time":"20181121142118","is_ascension_mode":true,"campfire_choices":[{"data":"Dualcast","floor":6,"key":"SMITH"},{"floor":8,"key":"REST"},{"floor":13,"key":"REST"},{"floor":15,"key":"REST"},{"floor":23,"key":"REST"},{"floor":27,"key":"REST"},{"floor":32,"key":"REST"}],"neow_cost":"NONE","seed_source_timestamp":573587860604227,"circlet_count":0,"master_deck":["AscendersBane","Strike_B","Strike_B","Defend_B","Defend_B","Defend_B","Defend_B","Zap","Dualcast+1","Cold Snap","Storm","Capacitor","Go for the Eyes","Rainbow","Hologram","Steam","Electrodynamics","Undo","Apotheosis","Conserve Battery","Ball Lightning","Conserve Battery+1","Compile Driver","Chill","Cold Snap","Reboot","Undo+1","Auto Shields+1","Barrage","Cold Snap","Machine Learning","Ball Lightning","Self Repair+1","Creative AI"],"relics":["Cracked Core","NeowsBlessing","Boot","Happy Flower","Dream Catcher","Sozu","MawBank","Meat on the Bone","Runic Pyramid","Membership Card","Pen Nib"],"potions_floor_usage":[7,24,25],"damage_taken":[{"damage":0,"enemies":"Cultist","floor":1,"turns":1},{"damage":0,"enemies":"2 Louse","floor":2,"turns":1},{"damage":0,"enemies":"Small Slimes","floor":5,"turns":1},{"damage":28,"enemies":"Lagavulin","floor":7,"turns":8},{"damage":48,"enemies":"Gremlin Nob","floor":10,"turns":7},{"damage":16,"enemies":"Exordium Wildlife","floor":14,"turns":5},{"damage":29,"enemies":"Hexaghost","floor":16,"turns":10},{"damage":35,"enemies":"2 Thieves","floor":18,"turns":4},{"damage":15,"enemies":"Shell Parasite","floor":20,"turns":6},{"damage":2,"enemies":"Centurion and Healer","floor":21,"turns":6},{"damage":11,"enemies":"Cultist and Chosen","floor":24,"turns":6},{"damage":6,"enemies":"Book of Stabbing","floor":25,"turns":7},{"damage":0,"enemies":"3 Cultists","floor":28,"turns":3},{"damage":8,"enemies":"Snake Plant","floor":29,"turns":4},{"damage":0,"enemies":"Snecko","floor":30,"turns":5},{"damage":16,"enemies":"3 Cultists","floor":31,"turns":6},{"damage":40,"enemies":"Champ","floor":33,"turns":18},{"damage":5,"enemies":"Orb Walker","floor":35,"turns":5},{"damage":6,"enemies":"3 Darklings","floor":36,"turns":5},{"damage":9,"enemies":"Maw","floor":37,"turns":8},{"damage":44,"enemies":"Transient","floor":39,"turns":5}],"seed_played":"-1852311219261502472","potions_obtained":[{"floor":2,"key":"FocusPotion"},{"floor":5,"key":"FearPotion"},{"floor":7,"key":"Dexterity Potion"}],"is_trial":false,"path_per_floor":["M","M","$","?","M","R","E","R","T","E","?","?","R","M","R","B",null,"M","$","M","M","?","R","M","E","T","R","M","M","M","M","R","B",null,"M","M","M","$","M"],"character_chosen":"DEFECT","items_purchased":["Capacitor","Apotheosis","Membership Card","Creative AI","Pen Nib"],"campfire_rested":6,"item_purchase_floors":[3,19,38,38,38],"current_hp_per_floor":[68,68,68,57,57,57,29,51,51,3,3,21,43,27,49,20,61,26,26,11,9,9,30,19,13,13,34,46,38,38,34,55,27,61,56,50,41,41,0],"gold":115,"neow_bonus":"THREE_ENEMY_KILL","is_prod":false,"is_daily":false,"chose_seed":false,"campfire_upgraded":1,"win_rate":0,"timestamp":1542828078,"path_taken":["M","?","$","?","M","R","E","R","T","E","?","?","R","?","R","BOSS","M","$","M","M","?","R","M","E","T","R","M","M","M","M","R","BOSS","M","M","M","$","M"],"build_version":"2018-11-15","purchased_purges":3,"victory":false,"max_hp_per_floor":[75,75,75,75,75,75,75,75,75,75,75,75,75,75,75,75,75,75,72,72,72,72,72,72,72,72,72,72,72,72,72,72,72,72,72,72,72,72,72],"card_choices":[{"not_picked":["Leap","Compile Driver"],"picked":"Cold Snap","floor":1},{"not_picked":["Self Repair","Coolheaded"],"picked":"Storm","floor":2},{"not_picked":["Consume","Hologram"],"picked":"Go for the Eyes","floor":5},{"not_picked":["Redo","Rebound"],"picked":"Rainbow","floor":7},{"not_picked":["Reinforced Body","Genetic Algorithm"],"picked":"Hologram","floor":10},{"not_picked":["Streamline","Rebound"],"picked":"Steam","floor":14},{"not_picked":["Hyperbeam","Buffer"],"picked":"Electrodynamics","floor":16},{"not_picked":["Chaos","Ball Lightning"],"picked":"Undo","floor":18},{"not_picked":["Scrape","BootSequence"],"picked":"Conserve Battery","floor":20},{"not_picked":["Scrape","Go for the Eyes"],"picked":"Ball Lightning","floor":21},{"not_picked":["Redo","Gash"],"picked":"Conserve Battery+1","floor":23},{"not_picked":["Sweeping Beam","Ball Lightning"],"picked":"Compile Driver","floor":24},{"not_picked":["Tempest","Glacier"],"picked":"Chill","floor":25},{"not_picked":["Sweeping Beam","Stack"],"picked":"Cold Snap","floor":27},{"not_picked":["Sweeping Beam","Leap"],"picked":"Reboot","floor":28},{"not_picked":["Fusion","Turbo"],"picked":"Undo+1","floor":29},{"not_picked":["Skim","Ball Lightning"],"picked":"Auto Shields+1","floor":30},{"not_picked":["Reprogram","Lockon"],"picked":"Barrage","floor":31},{"not_picked":["Ball Lightning","Hologram+1"],"picked":"Cold Snap","floor":32},{"not_picked":["All For One","Meteor Strike"],"picked":"Machine Learning","floor":33},{"not_picked":["Aggregate","Sweeping Beam"],"picked":"Ball Lightning","floor":35},{"not_picked":["Steam Power","Aggregate","Tempest"],"picked":"SKIP","floor":36},{"not_picked":["Coolheaded","Steam Power"],"picked":"Self Repair+1","floor":37}],"player_experience":786491,"relics_obtained":[{"floor":7,"key":"Boot"},{"floor":9,"key":"Happy Flower"},{"floor":10,"key":"Dream Catcher"},{"floor":25,"key":"MawBank"},{"floor":26,"key":"Meat on the Bone"}],"event_choices":[{"damage_healed":0,"gold_gain":75,"player_choice":"Gather Gold","damage_taken":11,"max_hp_gain":0,"max_hp_loss":0,"event_name":"World of Goop","floor":4,"gold_loss":0},{"damage_healed":0,"gold_gain":0,"player_choice":"Ignored","damage_taken":0,"max_hp_gain":0,"max_hp_loss":0,"event_name":"Shining Light","floor":11,"gold_loss":0},{"damage_healed":18,"gold_gain":0,"player_choice":"Healed and dodged fight","damage_taken":0,"max_hp_gain":0,"max_hp_loss":0,"event_name":"Mushrooms","floor":12,"gold_loss":0,"cards_obtained":["Parasite"]},{"damage_healed":0,"gold_gain":0,"player_choice":"Ignored","damage_taken":0,"max_hp_gain":0,"max_hp_loss":0,"event_name":"Cursed Tome","floor":22,"gold_loss":0}],"is_beta":false,"boss_relics":[{"not_picked":["FrozenCore","Orrery"],"picked":"Sozu"},{"not_picked":["Eternal Feather","Lizard Tail"],"picked":"Runic Pyramid"}],"items_purged_floors":[3,19,38],"is_endless":false,"potions_floor_spawned":[2,5,7,14,18,21,25,28,30,33,35,36,37],"killed_by":"Transient","ascension_level":13}