{"gold_per_floor":[116,41,60,77,77,105,105,105,105,105,140,152,167,193,193,270,270,286,286,286,286,286,314,314,349,376,387,387,387],"floor_reached":29,"playtime":1651,"items_purged":["Shame"],"score":583,"play_id":"c8c47fd0-4c53-4838-93be-3d3c560f4b8b","local_time":"20190201173938","is_ascension_mode":true,"campfire_choices":[{"floor":7,"key":"REST"},{"data":"Beam Cell","floor":10,"key":"SMITH"},{"data":"Zap","floor":15,"key":"SMITH"},{"data":"Ghostly","floor":24,"key":"SMITH"},{"data":"Ghostly","floor":28,"key":"SMITH"}],"neow_cost":"CURSE","seed_source_timestamp":1279409011983298,"circlet_count":0,"master_deck":["AscendersBane","Defend_B","Defend_B","Defend_B","Defend_B","Zap+1","Dualcast","Beam Cell+1","Ball Lightning","FTL","Undo","Sweeping Beam+1","Ball Lightning+1","Doom and Gloom+1","Hyperbeam+1","Hologram","Bite+1","Bite+1","Bite+1","Bite+1","Bite+1","Ghostly+1","Ghostly+1","Ghostly","Hologram+1","Biased Cognition"],"relics":["Cracked Core","Nunchaku","Blue Candle","Molten Egg 2","Thread and Needle","Art of War","Snecko Eye","Regal Pillow","Turnip","DataDisk"],"potions_floor_usage":[6,12,25],"damage_taken":[{"damage":5,"enemies":"2 Louse","floor":1,"turns":3},{"damage":11,"enemies":"Small Slimes","floor":3,"turns":3},{"damage":9,"enemies":"Jaw Worm","floor":4,"turns":4},{"damage":30,"enemies":"3 Sentries","floor":6,"turns":6},{"damage":8,"enemies":"Gremlin Nob","floor":11,"turns":3},{"damage":1,"enemies":"Large Slime","floor":12,"turns":4},{"damage":3,"enemies":"2 Fungi Beasts","floor":13,"turns":2},{"damage":7,"enemies":"Lagavulin","floor":14,"turns":5},{"damage":16,"enemies":"Slime Boss","floor":16,"turns":5},{"damage":7,"enemies":"Shell Parasite","floor":18,"turns":3},{"damage":1,"enemies":"Gremlin Leader","floor":23,"turns":6},{"damage":13,"enemies":"Slavers","floor":25,"turns":4},{"damage":13,"enemies":"2 Thieves","floor":27,"turns":3},{"damage":28,"enemies":"Book of Stabbing","floor":29,"turns":4}],"seed_played":"433448328625698754","potions_obtained":[{"floor":1,"key":"AttackPotion"},{"floor":3,"key":"SpeedPotion"},{"floor":11,"key":"AttackPotion"},{"floor":12,"key":"Dexterity Potion"},{"floor":16,"key":"Block Potion"}],"is_trial":false,"path_per_floor":["M","$","M","M","?","E","R","?","T","R","E","M","M","E","R","B",null,"M","?","?","?","?","E","R","E","T","M","R","E"],"character_chosen":"DEFECT","items_purchased":[],"campfire_rested":1,"item_purchase_floors":[],"current_hp_per_floor":[59,59,48,39,39,9,30,53,53,53,45,44,41,34,34,18,58,51,49,24,24,21,28,28,21,21,14,14,0],"gold":387,"neow_bonus":"ONE_RARE_RELIC","is_prod":false,"is_daily":false,"chose_seed":false,"campfire_upgraded":4,"win_rate":0,"timestamp":1549071578,"path_taken":["M","$","M","M","?","E","R","?","T","R","E","M","M","E","R","BOSS","M","?","?","?","?","E","R","E","T","M","R","E"],"build_version":"2019-01-23","purchased_purges":1,"victory":false,"max_hp_per_floor":[71,71,71,71,71,71,71,71,71,71,71,71,71,71,71,71,71,71,49,24,24,29,29,29,29,29,29,29,29],"card_choices":[{"not_picked":["Stack","Leap"],"picked":"Beam Cell","floor":1},{"not_picked":["Turbo","Defragment"],"picked":"Ball Lightning","floor":3},{"not_picked":["Compile Driver","Coolheaded"],"picked":"FTL","floor":4},{"not_picked":["Gash","Leap"],"picked":"Undo","floor":6},{"not_picked":["Recycle","FTL+1"],"picked":"Sweeping Beam+1","floor":11},{"not_picked":["Double Energy","Redo","Consume"],"picked":"SKIP","floor":12},{"not_picked":["Coolheaded","Scrape+1"],"picked":"Ball Lightning+1","floor":13},{"not_picked":["Auto Shields","Streamline+1"],"picked":"Doom and Gloom+1","floor":14},{"not_picked":["Rainbow","Meteor Strike+1"],"picked":"Hyperbeam+1","floor":16},{"not_picked":["Stack","Steam"],"picked":"Hologram","floor":18},{"not_picked":["Go for the Eyes+1","Leap"],"picked":"Hologram+1","floor":23},{"not_picked":["Go for the Eyes+1","Streamline+1","FTL+1"],"picked":"SKIP","floor":25},{"not_picked":["Compile Driver+1","Ball Lightning+1"],"picked":"Biased Cognition","floor":27}],"player_experience":761604,"relics_obtained":[{"floor":6,"key":"Blue Candle"},{"floor":9,"key":"Molten Egg 2"},{"floor":11,"key":"Thread and Needle"},{"floor":14,"key":"Art of War"},{"floor":23,"key":"Regal Pillow"},{"floor":25,"key":"Turnip"},{"floor":26,"key":"DataDisk"}],"event_choices":[{"damage_healed":0,"gold_gain":0,"player_choice":"Ignored","damage_taken":0,"max_hp_gain":0,"max_hp_loss":0,"event_name":"Liars Game","floor":5,"gold_loss":0},{"damage_healed":23,"gold_gain":0,"player_choice":"Banana","damage_taken":0,"max_hp_gain":0,"max_hp_loss":0,"event_name":"Big Fish","floor":8,"gold_loss":0},{"damage_healed":0,"gold_gain":0,"player_choice":"Became a vampire","damage_taken":0,"max_hp_gain":0,"max_hp_loss":22,"event_name":"Vampires","floor":19,"gold_loss":0,"cards_obtained":["Bite","Bite","Bite","Bite","Bite"]},{"damage_healed":0,"gold_gain":0,"player_choice":"Became a Ghost","damage_taken":0,"max_hp_gain":0,"max_hp_loss":25,"event_name":"Ghosts","floor":20,"gold_loss":0,"cards_obtained":["Ghostly","Ghostly","Ghostly"]},{"damage_healed":0,"gold_gain":0,"player_choice":"Ignored","damage_taken":0,"max_hp_gain":0,"max_hp_loss":0,"event_name":"The Mausoleum","floor":21,"gold_loss":0},{"damage_healed":0,"gold_gain":0,"player_choice":"Shed Blood","damage_taken":8,"max_hp_gain":5,"max_hp_loss":0,"event_name":"Forgotten Altar","floor":22,"gold_loss":0}],"is_beta":false,"boss_relics":[{"not_picked":["Orrery","White Beast Statue"],"picked":"Snecko Eye"}],"items_purged_floors":[2],"is_endless":false,"potions_floor_spawned":[1,3,11,12,16,23],"killed_by":"Book of Stabbing","ascension_level":20}