{"gold_per_floor":[117,117,117,42,54,54,69,101,101,120,132,150,44,74,74,178,178,197,122,148,164,180,206,206,305,362,362,379,406,11,26,26,130,130,149,164,91,91,110,110,140,150,173,173,192,192,192,219,219,219],"floor_reached":51,"playtime":5187,"items_purged":["Normality","Strike_B"],"score":805,"play_id":"4da69904-a4d3-4d2e-bfe9-84d27846311a","local_time":"20180807000541","is_ascension_mode":true,"campfire_choices":[{"floor":6,"key":"REST"},{"floor":15,"key":"REST"},{"floor":24,"key":"REST"},{"floor":27,"key":"REST"},{"data":"Storm","floor":32,"key":"SMITH"},{"floor":40,"key":"REST"},{"floor":44,"key":"REST"},{"data":"Defragment","floor":46,"key":"SMITH"},{"floor":49,"key":"REST"}],"neow_cost":"CURSE","seed_source_timestamp":0,"circlet_count":0,"master_deck":["Strike_B","Strike_B","Defend_B","Defend_B","Defend_B","Zap","Dualcast","White Noise","Rainbow","Genetic Algorithm","Storm+1","Electrodynamics","Self Repair","Hologram","Hello World","Defragment+1","Ball Lightning","Leap","Biased Cognition","FTL","Ball Lightning","Turbo","Leap","Chaos+1","BootSequence","Loop+1","Loop+1","Coolheaded","Loop+1","Creative AI+1","Coolheaded+1","Redo+1","Defragment+1","Enlightenment","Blind","Deep Breath"],"special_seed":0,"relics":["FrozenCore","Du-Vu Doll","Art of War","Ginger","Bottled Flame","Vajra","Red Mask","Frozen Egg 2","Tiny Chest","Blood Vial","Lee\u0027s Waffle","Busted Crown","Ancient Tea Set","Regal Pillow","Juzu Bracelet"],"potions_floor_usage":[23,23,23,36,50,50,50],"damage_taken":[{"damage":7.0,"enemies":"2 Louse","floor":1.0,"turns":2.0},{"damage":13.0,"enemies":"Small Slimes","floor":4.0,"turns":4.0},{"damage":7,"enemies":"Small Slimes","floor":5,"turns":2},{"damage":6,"enemies":"Jaw Worm","floor":7,"turns":3},{"damage":11,"enemies":"3 Sentries","floor":8,"turns":6},{"damage":0,"enemies":"Red Slaver","floor":10,"turns":3},{"damage":1,"enemies":"3 Louse","floor":11,"turns":2},{"damage":1,"enemies":"Exordium Wildlife","floor":12,"turns":2},{"damage":13,"enemies":"Gremlin Nob","floor":14,"turns":3},{"damage":33,"enemies":"The Guardian","floor":16,"turns":9},{"damage":5,"enemies":"Shell Parasite","floor":18,"turns":3},{"damage":56,"floor":20,"turns":4},{"damage":10,"enemies":"Spheric Guardian","floor":21,"turns":4},{"damage":3,"enemies":"Centurion and Healer","floor":22,"turns":4},{"damage":12,"enemies":"Slavers","floor":23,"turns":4},{"damage":18,"enemies":"Slaver and Parasite","floor":28,"turns":5},{"damage":4,"enemies":"Book of Stabbing","floor":29,"turns":4},{"damage":23,"enemies":"Snecko","floor":31,"turns":5},{"damage":9,"enemies":"Champ","floor":33,"turns":7},{"damage":12,"enemies":"3 Shapes","floor":35,"turns":3},{"damage":33,"enemies":"3 Darklings","floor":36,"turns":5},{"damage":0,"enemies":"4 Shapes","floor":39,"turns":4},{"damage":27,"enemies":"Nemesis","floor":41,"turns":6},{"damage":0,"enemies":"Flame Bruiser 2 Orb","floor":42,"turns":3},{"damage":20,"enemies":"3 Darklings","floor":45,"turns":4},{"damage":27,"enemies":"2 Orb Walkers","floor":48,"turns":4},{"damage":41,"enemies":"Donu and Deca","floor":50,"turns":4}],"seed_played":"-3521359878783627063","potions_obtained":[{"floor":1.0,"key":"AttackPotion"},{"floor":7,"key":"PowerPotion"},{"floor":14,"key":"FearPotion"},{"floor":23,"key":"Block Potion"},{"floor":28,"key":"Strength Potion"},{"floor":31,"key":"SneckoOil"},{"floor":35,"key":"Energy Potion"},{"floor":39,"key":"PowerPotion"},{"floor":42,"key":"Fire Potion"}],"is_trial":false,"path_per_floor":["M","?","?","$","M","R","M","E","T","M","M","M","$","E","R","B",null,"M","?","?","M","M","E","R","?","T","R","M","E","$","M","R","B",null,"M","M","$","?","M","R","E","M","T","R","M","R","?","E","R","B"],"character_chosen":"DEFECT","items_purchased":["Defragment","Ball Lightning","Loop+1","Lee\u0027s Waffle","Coolheaded","Defragment+1"],"campfire_rested":7,"item_purchase_floors":[13,13,30,30,30,37],"current_hp_per_floor":[68,65,65,52,45,67,61,50,50,50,56,55,55,49,71,45,75,70,70,14,11,15,17,39,39,39,61,50,60,82,59,59,59,82,70,53,53,43,45,69,44,53,53,82,62,62,62,44,82,48],"gold":219,"neow_bonus":"ONE_RARE_RELIC","is_prod":false,"is_daily":false,"chose_seed":false,"campfire_upgraded":2,"win_rate":0,"timestamp":1533614741,"path_taken":["M","?","?","?","M","R","M","E","T","M","M","M","?","E","R","BOSS","M","?","?","M","M","E","R","?","T","R","M","E","$","M","R","BOSS","M","M","$","?","M","R","E","M","T","R","?","R","?","E","R","BOSS"],"build_version":"2018-08-02","purchased_purges":2,"victory":true,"max_hp_per_floor":[75,75,75,75,75,75,75,75,75,75,75,75,75,75,75,75,75,75,75,75,75,75,75,75,75,75,75,75,75,82,82,82,82,82,82,82,82,82,82,82,82,82,82,82,82,82,82,82,82,82],"card_choices":[{"not_picked":["Gash","Ball Lightning"],"picked":"White Noise","floor":1.0},{"not_picked":["Streamline","Go for the Eyes"],"picked":"Genetic Algorithm","floor":5},{"not_picked":["Chaos","Go for the Eyes"],"picked":"Storm","floor":7},{"not_picked":["Glacier","Steam"],"picked":"Electrodynamics","floor":8},{"not_picked":["Hologram","Redo"],"picked":"Self Repair","floor":10},{"not_picked":["Melter","Sweeping Beam"],"picked":"Hologram","floor":11},{"not_picked":["Barrage","Go for the Eyes"],"picked":"Hello World","floor":12},{"not_picked":["Hologram","Tempest"],"picked":"Leap","floor":14},{"not_picked":["Machine Learning","Reboot"],"picked":"Biased Cognition","floor":16},{"not_picked":["Melter","Stack"],"picked":"FTL","floor":18},{"not_picked":["Chaos","Leap"],"picked":"Ball Lightning","floor":20},{"not_picked":["Genetic Algorithm","Melter"],"picked":"Turbo","floor":21},{"not_picked":["Hologram","Gash"],"picked":"Leap","floor":22},{"not_picked":["Cold Snap+1","Rainbow"],"picked":"Chaos+1","floor":23},{"not_picked":["Redo","Fusion"],"picked":"BootSequence","floor":28},{"not_picked":["Compile Driver","Turbo"],"picked":"Loop+1","floor":29},{"not_picked":["Fusion","Recycle"],"picked":"Loop+1","floor":31},{"not_picked":["Fission","Rainbow"],"picked":"Creative AI+1","floor":33},{"not_picked":[],"picked":"Coolheaded+1","floor":35},{"not_picked":[],"picked":"Redo+1","floor":36},{"not_picked":[],"picked":"Enlightenment","floor":38},{"not_picked":[],"picked":"Blind","floor":38},{"not_picked":[],"picked":"Deep Breath","floor":38},{"not_picked":["Rip and Tear+1"],"picked":"SKIP","floor":39},{"not_picked":["Cold Snap"],"picked":"SKIP","floor":41},{"not_picked":["Beam Cell"],"picked":"SKIP","floor":42},{"not_picked":["Streamline"],"picked":"SKIP","floor":45},{"not_picked":["Scrape+1"],"picked":"SKIP","floor":48}],"player_experience":223055,"relics_obtained":[{"floor":8,"key":"Ginger"},{"floor":9,"key":"Bottled Flame"},{"floor":14,"key":"Vajra"},{"floor":20,"key":"Red Mask"},{"floor":23,"key":"Frozen Egg 2"},{"floor":26,"key":"Tiny Chest"},{"floor":29,"key":"Blood Vial"},{"floor":41,"key":"Ancient Tea Set"},{"floor":43,"key":"Regal Pillow"},{"floor":48,"key":"Juzu Bracelet"}],"event_choices":[{"event_name":"Scrap Ooze","player_choice":"success","floor":2.0,"damage_taken":3.0},{"event_name":"Transmorgrifier","player_choice":"Transform","floor":3.0,"damage_taken":0.0},{"event_name":"Beggar","player_choice":"Gave Gold","floor":19,"damage_taken":0},{"event_name":"Masked Bandits","player_choice":"Fought over 122 gold","floor":20,"damage_taken":0},{"event_name":"Nest","player_choice":"Stole From Cult","floor":25,"damage_taken":0},{"event_name":"SensoryStone","player_choice":"Memory 3","floor":38,"damage_taken":0},{"event_name":"Tomb of Lord Red Mask","player_choice":"Ignored","floor":47,"damage_taken":0}],"is_beta":false,"boss_relics":[{"not_picked":["Empty Cage","Snecko Eye"],"picked":"FrozenCore"},{"not_picked":["Astrolabe","Black Star"],"picked":"Busted Crown"}],"items_purged_floors":[4,30],"is_endless":false,"potions_floor_spawned":[1,7,14,22,23,28,31,35,39,42],"ascension_level":2}