{"gold_per_floor":[213,225,198,215,226,251,251,267,316,58,87,87,97,109,109,212,262,276,186,206,56,70,70,102,102,173,173,72,72,91,105,105,105],"floor_reached":33,"playtime":2068,"items_purged":["Strike_B"],"score":293,"play_id":"e5fa26dd-520e-4475-b958-031e82a5edfa","local_time":"20190106224535","is_ascension_mode":true,"campfire_choices":[{"data":"Zap","floor":7,"key":"SMITH"},{"floor":15,"key":"REST"},{"floor":23,"key":"REST"},{"data":"Go for the Eyes","floor":25,"key":"SMITH"},{"data":"Consume","floor":27,"key":"SMITH"},{"data":"Conserve Battery","floor":29,"key":"SMITH"},{"floor":32,"key":"REST"}],"neow_cost":"NONE","seed_source_timestamp":1482649745232527,"circlet_count":0,"master_deck":["Strike_B","Strike_B+1","Defend_B+1","Defend_B","Defend_B","Defend_B","Zap+1","Dualcast","Ball Lightning+1","Beam Cell","Sweeping Beam+1","Go for the Eyes+1","Cold Snap","Consume+1","Self Repair","Coolheaded","Hologram","Electrodynamics","Conserve Battery+1","Auto Shields+1","Rebound+1","Lockon+1","Conserve Battery"],"relics":["Cracked Core","Du-Vu Doll","Art of War","Regal Pillow","Mercury Hourglass","Tiny House","Juzu Bracelet","Whetstone","Mummified Hand","Boot"],"potions_floor_usage":[6,11,24,24,24,33,33],"damage_taken":[{"damage":0,"enemies":"Small Slimes","floor":1,"turns":2},{"damage":7,"enemies":"2 Louse","floor":2,"turns":2},{"damage":0,"enemies":"Cultist","floor":4,"turns":2},{"damage":13,"enemies":"Gremlin Gang","floor":5,"turns":4},{"damage":6,"enemies":"Gremlin Nob","floor":6,"turns":3},{"damage":10,"enemies":"3 Louse","floor":8,"turns":2},{"damage":19,"enemies":"3 Sentries","floor":11,"turns":6},{"damage":7,"enemies":"2 Fungi Beasts","floor":13,"turns":2},{"damage":2,"enemies":"Large Slime","floor":14,"turns":4},{"damage":33,"enemies":"Slime Boss","floor":16,"turns":9},{"damage":18,"enemies":"2 Thieves","floor":18,"turns":3},{"damage":0,"enemies":"3 Byrds","floor":20,"turns":2},{"damage":15,"enemies":"Centurion and Healer","floor":22,"turns":6},{"damage":26,"enemies":"Book of Stabbing","floor":24,"turns":6},{"damage":3,"enemies":"Snecko","floor":30,"turns":4},{"damage":24,"enemies":"Shelled Parasite and Fungi","floor":31,"turns":5},{"damage":88,"enemies":"Champ","floor":33,"turns":13}],"seed_played":"4310155640758553005","potions_obtained":[{"floor":2,"key":"Block Potion"},{"floor":4,"key":"Block Potion"},{"floor":5,"key":"PowerPotion"},{"floor":8,"key":"Swift Potion"},{"floor":16,"key":"PowerPotion"},{"floor":17,"key":"Fire Potion"},{"floor":24,"key":"Swift Potion"},{"floor":30,"key":"EssenceOfSteel"}],"is_trial":false,"path_per_floor":["M","M","?","M","M","E","R","M","T","$","E","?","M","M","R","B",null,"M","?","M","$","M","R","E","R","T","R","?","R","M","M","R","B"],"character_chosen":"DEFECT","items_purchased":["Self Repair","Regal Pillow","Juzu Bracelet"],"campfire_rested":3,"item_purchase_floors":[10,10,21],"current_hp_per_floor":[75,68,68,68,55,49,49,39,39,39,27,27,27,32,69,36,80,62,62,62,62,47,80,54,54,54,54,54,54,58,41,80,0],"gold":105,"neow_bonus":"HUNDRED_GOLD","is_prod":false,"is_daily":false,"chose_seed":false,"campfire_upgraded":4,"win_rate":0,"timestamp":1546843535,"path_taken":["M","M","?","M","M","E","R","M","T","$","E","?","M","M","R","BOSS","M","?","M","$","M","R","E","R","T","R","?","R","M","M","R","BOSS"],"build_version":"2019-01-03v4","purchased_purges":1,"victory":false,"max_hp_per_floor":[75,75,75,75,75,75,75,75,75,75,75,75,75,75,75,75,80,80,80,80,80,80,80,80,80,80,80,80,80,80,80,80,80],"card_choices":[{"not_picked":["Rebound","Auto Shields"],"picked":"Ball Lightning","floor":1},{"not_picked":["Self Repair","Redo"],"picked":"Beam Cell","floor":2},{"not_picked":["Melter","Conserve Battery"],"picked":"Sweeping Beam","floor":4},{"not_picked":["Tempest","Consume"],"picked":"Go for the Eyes","floor":5},{"not_picked":["Barrage","Ball Lightning"],"picked":"Cold Snap","floor":6},{"not_picked":["Turbo","Doom and Gloom"],"picked":"Consume","floor":8},{"not_picked":["Ball Lightning","All For One"],"picked":"Coolheaded","floor":11},{"not_picked":["Streamline","Sweeping Beam","Barrage"],"picked":"SKIP","floor":13},{"not_picked":["Steam Power","Lockon"],"picked":"Hologram","floor":14},{"not_picked":["Amplify","Seek"],"picked":"Electrodynamics","floor":16},{"not_picked":["Go for the Eyes","Sweeping Beam"],"picked":"Conserve Battery","floor":17},{"not_picked":["Turbo+1","Leap"],"picked":"Auto Shields+1","floor":18},{"not_picked":["Ball Lightning","Reprogram","Redo"],"picked":"SKIP","floor":20},{"not_picked":["Reinforced Body+1","White Noise"],"picked":"Rebound+1","floor":22},{"not_picked":["Multi-Cast","Stack"],"picked":"Lockon+1","floor":24},{"not_picked":["Darkness","Gash","Coolheaded"],"picked":"SKIP","floor":30},{"not_picked":["Sweeping Beam+1","Turbo"],"picked":"Conserve Battery","floor":31}],"player_experience":106147,"relics_obtained":[{"floor":6,"key":"Du-Vu Doll"},{"floor":9,"key":"Art of War"},{"floor":11,"key":"Mercury Hourglass"},{"floor":24,"key":"Whetstone"},{"floor":26,"key":"Mummified Hand"}],"event_choices":[{"damage_healed":0,"gold_gain":0,"player_choice":"Left Gold","damage_taken":0,"max_hp_gain":0,"max_hp_loss":0,"event_name":"World of Goop","floor":3,"gold_loss":27},{"damage_healed":0,"gold_gain":0,"player_choice":"Ignored","damage_taken":0,"max_hp_gain":0,"max_hp_loss":0,"event_name":"Shining Light","floor":12,"gold_loss":0},{"cards_removed":["Strike_B"],"damage_healed":0,"gold_gain":0,"player_choice":"Upgrade and Remove","damage_taken":0,"max_hp_gain":0,"max_hp_loss":0,"event_name":"Designer","floor":19,"gold_loss":90,"cards_upgraded":["Defend_B"]},{"damage_healed":0,"gold_gain":0,"player_choice":"Paid Gold","damage_taken":0,"relics_obtained":["Boot"],"max_hp_gain":0,"max_hp_loss":0,"event_name":"WeMeetAgain","floor":28,"gold_loss":101}],"is_beta":false,"boss_relics":[{"not_picked":["Cursed Key","Eternal Feather"],"picked":"Tiny House"}],"items_purged_floors":[10],"is_endless":false,"potions_floor_spawned":[2,4,5,8,16,24,30],"killed_by":"Champ","ascension_level":1}