{"gold_per_floor":[118,118,118,138,56,56,33,33,33,64,87,127,139,163,175,291,303,334,346,358,370,9,9,22,50,50,69,34,34],"floor_reached":29,"playtime":910,"items_purged":[],"score":409,"play_id":"24f4f335-3dc5-4b4e-9255-e42b3a4fe39f","local_time":"20190108191221","is_ascension_mode":true,"campfire_choices":[{"data":"Zap","floor":6.0,"key":"SMITH"},{"floor":8.0,"key":"REST"},{"data":"Reinforced Body","floor":15.0,"key":"SMITH"},{"data":"Defragment","floor":23.0,"key":"SMITH"}],"neow_cost":"NONE","seed_source_timestamp":338552667757481,"circlet_count":0,"master_deck":["AscendersBane","Strike_B+1","Strike_B+1","Defend_B+1","Defend_B+1","Defend_B+1","Zap+1","Dualcast+1","Rip and Tear","Go for the Eyes","Reinforced Body+1","Static Discharge","Conserve Battery","Cold Snap","Loop","All For One","Buffer+1","Hyperbeam+1","Core Surge+1","Beam Cell+1","Defragment+1","Redo+1","Conserve Battery+1","Capacitor+1","FTL"],"special_seed":0,"relics":["Cracked Core","NeowsBlessing","Letter Opener","Matryoshka","MawBank","Odd Mushroom","Juzu Bracelet","Astrolabe","Ice Cream","Anchor","Lantern","Frozen Egg 2"],"potions_floor_usage":[],"damage_taken":[{"damage":0.0,"enemies":"Small Slimes","floor":1.0,"turns":1.0},{"damage":0.0,"enemies":"Cultist","floor":4.0,"turns":1.0},{"damage":0.0,"enemies":"Lagavulin","floor":10.0,"turns":1.0},{"damage":0.0,"enemies":"Jaw Worm","floor":11.0,"turns":3.0},{"damage":6.0,"enemies":"The Mushroom Lair","floor":12.0,"turns":3.0},{"damage":0.0,"enemies":"Red Slaver","floor":14.0,"turns":3.0},{"damage":24.0,"enemies":"Hexaghost","floor":16.0,"turns":13.0},{"damage":11.0,"enemies":"Spheric Guardian","floor":18.0,"turns":3.0},{"damage":14.0,"enemies":"Shell Parasite","floor":24.0,"turns":4.0},{"damage":44.0,"enemies":"Slavers","floor":25.0,"turns":5.0},{"damage":0,"enemies":"Chosen and Byrds","floor":27,"turns":4},{"damage":12,"enemies":"Centurion and Healer","floor":29,"turns":4}],"seed_played":"-1660068280095261213","potions_obtained":[{"floor":11.0,"key":"Ancient Potion"},{"floor":12.0,"key":"EssenceOfSteel"},{"floor":14.0,"key":"Poison Potion"},{"floor":16.0,"key":"Energy Potion"}],"is_trial":false,"path_per_floor":["M","?","?","M","$","R","$","R","T","E","M","?","?","M","R","B",null,"M","?","?","?","$","R","M","E","T","M","$","M"],"character_chosen":"DEFECT","items_purchased":["Reinforced Body","Coolheaded","Ice Cream","Defragment","FTL"],"campfire_rested":1,"item_purchase_floors":[5,7,22,22,28],"current_hp_per_floor":[68,53,46,46,46,46,46,68,68,68,68,62,62,62,62,38,66,55,55,55,60,60,60,46,2,2,2,2,0],"gold":34,"neow_bonus":"THREE_ENEMY_KILL","is_prod":false,"is_daily":false,"chose_seed":false,"campfire_upgraded":3,"win_rate":0,"timestamp":1546992741,"path_taken":["M","?","?","M","$","R","$","R","T","E","M","?","?","M","R","BOSS","M","?","?","?","$","R","M","E","T","M","$","M"],"build_version":"2019-01-07","purchased_purges":0,"victory":false,"max_hp_per_floor":[75,75,75,75,75,75,75,75,75,75,75,75,75,75,75,75,75,75,75,75,75,75,75,75,75,75,75,75,75],"card_choices":[{"not_picked":["Stack","Reprogram"],"picked":"Rip and Tear","floor":1.0},{"not_picked":["Storm","Compile Driver"],"picked":"Go for the Eyes","floor":4.0},{"not_picked":["Streamline","Redo"],"picked":"Static Discharge","floor":10.0},{"not_picked":["Leap","Undo"],"picked":"Conserve Battery","floor":11.0},{"not_picked":["Turbo","Reinforced Body"],"picked":"Cold Snap","floor":12.0},{"not_picked":["Skim","Gash"],"picked":"Loop","floor":14.0},{"not_picked":["Hyperbeam","Reboot"],"picked":"All For One","floor":16.0},{"not_picked":["Rebound","Auto Shields"],"picked":"Beam Cell+1","floor":18.0},{"not_picked":["Go for the Eyes","Undo"],"picked":"Redo+1","floor":24.0},{"not_picked":["Leap","Go for the Eyes"],"picked":"Conserve Battery+1","floor":25.0},{"not_picked":["Sunder","Ball Lightning"],"picked":"Capacitor+1","floor":27}],"player_experience":521909,"relics_obtained":[{"floor":9.0,"key":"Matryoshka"},{"floor":10.0,"key":"MawBank"},{"floor":12.0,"key":"Odd Mushroom"},{"floor":25.0,"key":"Anchor"},{"floor":26.0,"key":"Lantern"},{"floor":26.0,"key":"Frozen Egg 2"}],"event_choices":[{"damage_healed":0.0,"max_hp_gain":0.0,"max_hp_loss":0.0,"gold_gain":0.0,"event_name":"Shining Light","player_choice":"Entered Light","floor":2.0,"gold_loss":0.0,"damage_taken":15.0,"cards_upgraded":["Dualcast","Defend_B"]},{"damage_healed":0.0,"max_hp_gain":0.0,"max_hp_loss":0.0,"gold_gain":0.0,"event_name":"Scrap Ooze","player_choice":"Success","floor":3.0,"gold_loss":0.0,"damage_taken":7.0,"relics_obtained":["Letter Opener"]},{"damage_healed":0.0,"max_hp_gain":0.0,"max_hp_loss":0.0,"gold_gain":0.0,"event_name":"Mushrooms","player_choice":"Fought Mushrooms","floor":12.0,"gold_loss":0.0,"damage_taken":0.0},{"damage_healed":0.0,"max_hp_gain":0.0,"max_hp_loss":0.0,"gold_gain":0.0,"event_name":"WeMeetAgain","player_choice":"Gave Potion","floor":13.0,"gold_loss":0.0,"damage_taken":0.0,"relics_obtained":["Juzu Bracelet"]},{"damage_healed":0.0,"max_hp_gain":0.0,"max_hp_loss":0.0,"gold_gain":0.0,"event_name":"Back to Basics","player_choice":"Simplicity","floor":19.0,"gold_loss":0.0,"damage_taken":0.0,"cards_upgraded":["Strike_B","Strike_B","Defend_B","Defend_B"]},{"damage_healed":0.0,"max_hp_gain":0.0,"max_hp_loss":0.0,"gold_gain":0.0,"event_name":"Lab","player_choice":"Got Potions","floor":20.0,"gold_loss":0.0,"damage_taken":0.0},{"cards_removed":["Coolheaded"],"damage_healed":5.0,"max_hp_gain":0.0,"max_hp_loss":0.0,"gold_gain":0.0,"event_name":"Bonfire Elementals","player_choice":"Offered Common","floor":21.0,"gold_loss":0.0,"damage_taken":0.0},{"cards_removed":["Coolheaded"],"damage_healed":5.0,"max_hp_gain":0.0,"max_hp_loss":0.0,"gold_gain":0.0,"event_name":"Bonfire Elementals","player_choice":"Offered Special","floor":21.0,"gold_loss":0.0,"damage_taken":0.0}],"is_beta":true,"boss_relics":[{"not_picked":["Snecko Eye","FrozenCore"],"picked":"Astrolabe"}],"items_purged_floors":[],"is_endless":false,"potions_floor_spawned":[11,12,14,16],"killed_by":"Centurion and Healer","ascension_level":11}