{"gold_per_floor":[361,4,19,94,106,106,131,141,141,141,157,190,190,245,245,341,341,341,12,12,12,12,12,12,12,12,12,12,12,12,12,12,12,12,12,12,12,12,12,12,12,12,12,12,12,12,12,12,12,12],"floor_reached":51,"playtime":7322,"items_purged":["Regret"],"score":1020,"play_id":"7bc138d1-5eea-4afd-bf7c-71c705c1adec","local_time":"20180921235940","is_ascension_mode":true,"campfire_choices":[{"data":"Apotheosis","floor":6,"key":"SMITH"},{"data":"Poisoned Stab","floor":10,"key":"SMITH"},{"floor":15,"key":"REST"},{"data":"Infinite Blades","floor":23,"key":"SMITH"},{"floor":30,"key":"REST"},{"data":"Burst","floor":32,"key":"SMITH"},{"data":"Cloak And Dagger","floor":41,"key":"SMITH"},{"floor":49,"key":"REST"}],"neow_cost":"CURSE","seed_source_timestamp":1669844301313,"circlet_count":0,"master_deck":["Defend_G","Defend_G","Defend_G","Defend_G","Strike_G","Strike_G","Strike_G","Strike_G","Survivor","Neutralize","Leg Sweep","Apotheosis+1","Flying Knee","Poisoned Stab+1","Backflip","Riddle With Holes","Catalyst","Backflip","Venomology","Bouncing Flask","Burst+1","Footwork+1","Infinite Blades+1","Deadly Poison+1","Expertise","Dagger Throw+1","Prepared","Cloak And Dagger+1","Cloak And Dagger+1","Predator","Malaise","Quick Slash+1","Slice+1","Caltrops+1","Heel Hook","Catalyst+1","Bouncing Flask"],"special_seed":0,"relics":["Ring of the Snake","Oddly Smooth Stone","Ornamental Fan","Ice Cream","Nunchaku","Ectoplasm","Meat on the Bone","Bottled Tornado","MutagenicStrength","Kunai","Gremlin Horn","Torii","Busted Crown","Darkstone Periapt","Centennial Puzzle","Ancient Tea Set"],"potions_floor_usage":[7,14,14,18,20,21,22,24,27,28,31,33,40,40,42,44,46,50],"damage_taken":[{"damage":1,"enemies":"Small Slimes","floor":1,"turns":4},{"damage":1,"enemies":"Cultist","floor":3,"turns":5},{"damage":0,"enemies":"2 Louse","floor":5,"turns":3},{"damage":17,"enemies":"Gremlin Nob","floor":7,"turns":5},{"damage":0,"enemies":"Large Slime","floor":8,"turns":8},{"damage":0,"enemies":"2 Fungi Beasts","floor":11,"turns":5},{"damage":2,"enemies":"3 Sentries","floor":12,"turns":9},{"damage":36,"enemies":"Gremlin Nob","floor":14,"turns":5},{"damage":0,"enemies":"Hexaghost","floor":16,"turns":8},{"damage":2,"enemies":"Shell Parasite","floor":18,"turns":5},{"damage":0,"enemies":"Chosen","floor":20,"turns":5},{"damage":0,"enemies":"Shelled Parasite and Fungi","floor":21,"turns":6},{"damage":0,"enemies":"Snake Plant","floor":22,"turns":3},{"damage":21,"enemies":"Slavers","floor":24,"turns":8},{"damage":0,"enemies":"Centurion and Healer","floor":27,"turns":6},{"damage":27,"enemies":"Gremlin Leader","floor":28,"turns":10},{"damage":0,"enemies":"Slavers","floor":31,"turns":6},{"damage":14,"enemies":"Automaton","floor":33,"turns":11},{"damage":0,"enemies":"Orb Walker","floor":35,"turns":3},{"damage":2,"enemies":"3 Shapes","floor":38,"turns":3},{"damage":1,"enemies":"3 Darklings","floor":39,"turns":5},{"damage":1,"enemies":"Nemesis","floor":40,"turns":7},{"damage":2,"enemies":"Transient","floor":42,"turns":5},{"damage":21,"enemies":"Giant Head","floor":44,"turns":7},{"damage":1,"enemies":"Sphere and 2 Shapes","floor":46,"turns":7},{"damage":0,"enemies":"Reptomancer","floor":47,"turns":5},{"damage":0,"enemies":"4 Shapes","floor":48,"turns":6},{"damage":48,"enemies":"Time Eater","floor":50,"turns":13}],"seed_played":"-4176018422554227708","potions_obtained":[{"floor":1,"key":"Regen Potion"},{"floor":8,"key":"Energy Potion"},{"floor":14,"key":"Fruit Juice"},{"floor":14,"key":"Poison Potion"},{"floor":18,"key":"AttackPotion"},{"floor":24,"key":"Dexterity Potion"},{"floor":27,"key":"Regen Potion"},{"floor":39,"key":"AttackPotion"},{"floor":42,"key":"EssenceOfSteel"}],"is_trial":false,"path_per_floor":["M","$","M","?","M","R","E","M","T","R","M","E","?","?","R","B",null,"M","$","M","M","M","R","E","?","T","M","E","?","R","E","R","B",null,"M","?","?","M","M","E","R","M","T","E","$","M","M","M","R","B"],"character_chosen":"THE_SILENT","items_purchased":["Apotheosis","Flying Knee","Poisoned Stab","Meat on the Bone","Infinite Blades"],"campfire_rested":3,"item_purchase_floors":[2,2,2,19,19],"current_hp_per_floor":[69,69,68,57,57,57,52,52,52,52,52,50,50,19,41,41,75,73,73,73,73,73,73,52,52,52,52,40,40,62,62,62,48,75,75,75,75,73,72,71,71,69,69,48,48,47,47,47,69,33],"gold":12,"neow_bonus":"TWO_FIFTY_GOLD","is_prod":false,"is_daily":false,"chose_seed":false,"campfire_upgraded":5,"win_rate":0,"timestamp":1537588780,"path_taken":["M","$","M","?","?","R","E","M","T","R","M","E","?","?","R","BOSS","M","$","M","M","M","R","E","?","T","M","E","?","R","E","R","BOSS","M","?","?","M","?","E","R","M","T","E","?","M","M","?","R","BOSS"],"build_version":"2018-09-20","purchased_purges":1,"victory":true,"max_hp_per_floor":[70,70,70,70,70,70,70,70,70,70,70,70,70,75,75,75,75,75,75,75,75,75,75,75,75,75,75,75,75,75,75,75,75,75,75,75,75,75,75,75,75,75,75,75,75,75,75,75,75,75],"card_choices":[{"not_picked":["Skewer","Backflip"],"picked":"Leg Sweep","floor":1},{"not_picked":["Sucker Punch","Underhanded Strike"],"picked":"Backflip","floor":3},{"not_picked":["Acrobatics","Crippling Poison"],"picked":"Setup","floor":5},{"not_picked":["Concentrate","Eviscerate"],"picked":"Riddle With Holes","floor":7},{"not_picked":["Poisoned Stab","Prepared"],"picked":"Catalyst","floor":8},{"not_picked":["Slice","Wraith Form v2"],"picked":"Backflip","floor":11},{"not_picked":["Cloak And Dagger","Backstab"],"picked":"Venomology","floor":12},{"not_picked":["Poisoned Stab","Flying Knee"],"picked":"Bouncing Flask","floor":14},{"not_picked":["Wraith Form v2","Night Terror"],"picked":"Burst","floor":16},{"not_picked":["Cloak And Dagger","Reflex+1"],"picked":"Footwork+1","floor":18},{"not_picked":["Acrobatics","Prepared"],"picked":"Deadly Poison+1","floor":20},{"not_picked":["Flechettes","Underhanded Strike+1"],"picked":"Expertise","floor":21},{"not_picked":["Blade Dance","Bane"],"picked":"Dagger Throw+1","floor":22},{"not_picked":["Skewer+1","Eviscerate"],"picked":"Prepared","floor":24},{"not_picked":["Prepared","Dagger Throw"],"picked":"Cloak And Dagger","floor":27},{"not_picked":["Choke","Die Die Die"],"picked":"Cloak And Dagger+1","floor":28},{"not_picked":["Crippling Poison","Expertise"],"picked":"Predator","floor":31},{"not_picked":["Die Die Die","Unload"],"picked":"Malaise","floor":33},{"not_picked":[],"picked":"Quick Slash+1","floor":35},{"not_picked":[],"picked":"Slice+1","floor":38},{"not_picked":["Expertise+1"],"picked":"SKIP","floor":39},{"not_picked":["Quick Slash"],"picked":"SKIP","floor":40},{"not_picked":["Quick Slash"],"picked":"SKIP","floor":40},{"not_picked":[],"picked":"Caltrops+1","floor":42},{"not_picked":[],"picked":"Heel Hook","floor":44},{"not_picked":["Dagger Throw"],"picked":"SKIP","floor":46},{"not_picked":[],"picked":"Catalyst+1","floor":47},{"not_picked":[],"picked":"Bouncing Flask","floor":48}],"player_experience":458271,"relics_obtained":[{"floor":7,"key":"Oddly Smooth Stone"},{"floor":9,"key":"Ornamental Fan"},{"floor":12,"key":"Ice Cream"},{"floor":24,"key":"Bottled Tornado"},{"floor":26,"key":"Kunai"},{"floor":28,"key":"Gremlin Horn"},{"floor":31,"key":"Torii"},{"floor":40,"key":"Darkstone Periapt"},{"floor":43,"key":"Centennial Puzzle"},{"floor":44,"key":"Ancient Tea Set"}],"event_choices":[{"event_name":"World of Goop","player_choice":"Gather Gold","floor":4,"damage_taken":0},{"event_name":"Living Wall","player_choice":"Forget","floor":13,"damage_taken":0},{"event_name":"Dead Adventurer","player_choice":"Searched \u00272\u0027 times","floor":14,"damage_taken":0},{"event_name":"Drug Dealer","player_choice":"Inject Mutagens","floor":25,"damage_taken":0},{"event_name":"Beggar","player_choice":"Ignored","floor":29,"damage_taken":0},{"event_name":"Falling","player_choice":"Removed Skill","floor":36,"damage_taken":0},{"event_name":"Bonfire Elementals","player_choice":"BASIC","floor":37,"damage_taken":0}],"is_beta":false,"boss_relics":[{"not_picked":["Black Star","Calling Bell"],"picked":"Ectoplasm"},{"not_picked":["WristBlade","Philosopher\u0027s Stone"],"picked":"Busted Crown"}],"items_purged_floors":[2],"is_endless":false,"potions_floor_spawned":[1,8,14,14,18,21,24,27,38,39,42,47],"ascension_level":4}