{"gold_per_floor":[213,226,31,49,67,67,82,113,113,140,140,152,152,166,166,266,266,286,299,299,309,224,250,265,295,295,295,295,320,337,355,355,454,454,474,43,394,408,408,408,424,424,424,424,441,173,200,234,234,234],"floor_reached":51,"playtime":2711,"items_purged":["Strike_R","Fiend Fire+1"],"score":991,"play_id":"3084b031-7d48-4362-95cb-41682761435d","local_time":"20190127233855","is_ascension_mode":true,"campfire_choices":[{"data":"Bash","floor":6,"key":"SMITH"},{"data":"Armaments","floor":11,"key":"SMITH"},{"data":"Clothesline","floor":13,"key":"SMITH"},{"data":"Cleave","floor":15,"key":"SMITH"},{"data":"Fiend Fire","floor":28,"key":"SMITH"},{"floor":32,"key":"REST"},{"data":"Limit Break","floor":40,"key":"SMITH"},{"data":"Offering","floor":44,"key":"SMITH"},{"data":"Shockwave","floor":49,"key":"SMITH"}],"neow_cost":"NONE","seed_source_timestamp":878428175542104,"circlet_count":0,"master_deck":["Strike_R","Defend_R","Defend_R","Defend_R","Defend_R","Bash+1","Rampage","Iron Wave","Headbutt","Cleave+1","Clothesline+1","Offering+1","Armaments+1","Battle Trance","Disarm+1","Spot Weakness+1","Reaper+1","Ghostly Armor","Sword Boomerang","J.A.X.","Shrug It Off+1","Rage","Impervious","Limit Break+1","Shockwave+1","Madness","Madness","Heavy Blade+1","Disarm"],"relics":["Burning Blood","Regal Pillow","Anchor","Ice Cream","Du-Vu Doll","Astrolabe","Shuriken","Art of War","Question Card","Peace Pipe","Darkstone Periapt","Eternal Feather","Thread and Needle","Old Coin","Torii","Pen Nib","Unceasing Top"],"potions_floor_usage":[14,29,30,33,33,37,37,41,41,50,50,50],"damage_taken":[{"damage":1,"enemies":"Cultist","floor":1,"turns":3},{"damage":0,"enemies":"2 Louse","floor":2,"turns":2},{"damage":2,"enemies":"Jaw Worm","floor":4,"turns":3},{"damage":6,"enemies":"Blue Slaver","floor":5,"turns":3},{"damage":0,"enemies":"Large Slime","floor":7,"turns":4},{"damage":41,"enemies":"Lagavulin","floor":8,"turns":6},{"damage":12,"enemies":"Gremlin Nob","floor":10,"turns":3},{"damage":2,"enemies":"3 Louse","floor":12,"turns":2},{"damage":6,"enemies":"2 Fungi Beasts","floor":14,"turns":2},{"damage":36,"enemies":"Slime Boss","floor":16,"turns":10},{"damage":6,"enemies":"Chosen","floor":18,"turns":3},{"damage":8,"enemies":"3 Byrds","floor":19,"turns":5},{"damage":15,"enemies":"Cultist and Chosen","floor":21,"turns":4},{"damage":42,"enemies":"Gremlin Leader","floor":23,"turns":7},{"damage":15,"enemies":"Snake Plant","floor":24,"turns":2},{"damage":27,"enemies":"Book of Stabbing","floor":25,"turns":5},{"damage":25,"enemies":"Slavers","floor":29,"turns":5},{"damage":9,"enemies":"Centurion and Healer","floor":30,"turns":7},{"damage":18,"enemies":"Chosen and Byrds","floor":31,"turns":6},{"damage":92,"enemies":"Collector","floor":33,"turns":7},{"damage":30,"enemies":"3 Darklings","floor":35,"turns":6},{"damage":28,"enemies":"2 Orb Walkers","floor":37,"turns":5},{"damage":9,"enemies":"3 Shapes","floor":38,"turns":6},{"damage":42,"enemies":"Jaw Worm Horde","floor":41,"turns":5},{"damage":18,"enemies":"Maw","floor":45,"turns":7},{"damage":30,"enemies":"Giant Head","floor":48,"turns":7},{"damage":72,"enemies":"Awakened One","floor":50,"turns":6}],"seed_played":"1937260940549108966","potions_obtained":[{"floor":1,"key":"LiquidBronze"},{"floor":2,"key":"Poison Potion"},{"floor":8,"key":"AttackPotion"},{"floor":10,"key":"Regen Potion"},{"floor":14,"key":"LiquidBronze"},{"floor":23,"key":"AttackPotion"},{"floor":31,"key":"GamblersBrew"},{"floor":33,"key":"Energy Potion"},{"floor":35,"key":"Explosive Potion"},{"floor":37,"key":"BloodPotion"},{"floor":38,"key":"Strength Potion"},{"floor":41,"key":"Explosive Potion"}],"is_trial":false,"path_per_floor":["M","M","$","M","M","R","M","E","T","E","R","M","R","M","R","B",null,"M","M","?","M","?","E","M","E","T","?","R","E","M","M","R","B",null,"M","$","?","M","?","R","M","?","T","R","M","$","T","E","R","B",null],"character_chosen":"IRONCLAD","items_purchased":["Regal Pillow","Block Potion","Thread and Needle","Strength Potion","Disarm","Explosive Potion","Strength Potion"],"campfire_rested":1,"item_purchase_floors":[3,3,36,36,46,46,46],"current_hp_per_floor":[77,80,80,80,80,80,80,45,45,39,39,43,43,43,43,13,63,63,73,73,80,80,56,52,31,31,31,31,26,23,28,67,32,68,60,60,74,71,61,76,74,74,74,80,77,77,77,53,68,42],"gold":234,"neow_bonus":"HUNDRED_GOLD","is_prod":false,"is_daily":false,"chose_seed":false,"campfire_upgraded":8,"win_rate":0,"timestamp":1548661135,"path_taken":["M","M","$","M","M","R","M","E","T","E","R","M","R","M","R","BOSS","M","M","?","M","?","E","M","E","T","?","R","E","M","M","R","BOSS","M","$","?","M","?","R","M","?","T","R","M","$","?","E","R","BOSS"],"build_version":"2019-01-23","purchased_purges":2,"victory":true,"max_hp_per_floor":[80,80,80,80,80,80,80,80,80,80,80,80,80,80,80,80,80,80,80,80,80,80,80,80,80,80,80,80,80,80,80,80,80,80,80,80,80,80,80,80,80,80,80,80,80,80,80,80,80,80],"card_choices":[{"not_picked":["Searing Blow","Spot Weakness"],"picked":"Rampage","floor":1},{"not_picked":["Anger","Shrug It Off"],"picked":"Iron Wave","floor":2},{"not_picked":["Shockwave","Corruption"],"picked":"Headbutt","floor":4},{"not_picked":["Headbutt","Disarm"],"picked":"Cleave","floor":5},{"not_picked":["Combust","True Grit"],"picked":"Clothesline","floor":7},{"not_picked":["Rampage","Hemokinesis"],"picked":"Offering","floor":8},{"not_picked":["Searing Blow","Perfected Strike"],"picked":"Armaments","floor":10},{"not_picked":["Seeing Red","Burning Pact"],"picked":"Battle Trance","floor":12},{"not_picked":["Battle Trance","Whirlwind","Feel No Pain"],"picked":"SKIP","floor":14},{"not_picked":["Dark Embrace","Brutality"],"picked":"Fiend Fire","floor":16},{"not_picked":["Cleave+1","Twin Strike"],"picked":"Ghostly Armor","floor":18},{"not_picked":["Anger","Clothesline"],"picked":"Sword Boomerang","floor":19},{"not_picked":["Flex+1","Perfected Strike"],"picked":"Shrug It Off+1","floor":21},{"not_picked":["Wild Strike","Twin Strike","Reckless Charge"],"picked":"SKIP","floor":23},{"not_picked":["Rampage","Battle Trance"],"picked":"Rage","floor":24},{"not_picked":["Warcry","Iron Wave"],"picked":"Impervious","floor":25},{"not_picked":["Body Slam","Sword Boomerang","Blood for Blood","Cleave"],"picked":"SKIP","floor":29},{"not_picked":["Headbutt","Pommel Strike+1","Flex"],"picked":"Limit Break","floor":30},{"not_picked":["Clothesline","Shrug It Off","Anger"],"picked":"Shockwave","floor":31},{"not_picked":["Clash+1","Flex","Fire Breathing+1","Feel No Pain"],"picked":"SKIP","floor":35},{"not_picked":["Twin Strike","Wild Strike+1","Cleave+1","Reckless Charge"],"picked":"SKIP","floor":38},{"not_picked":["Headbutt","Hemokinesis","Searing Blow+1"],"picked":"Heavy Blade+1","floor":41},{"not_picked":["Body Slam","Battle Trance","Sentinel","Brutality"],"picked":"SKIP","floor":45},{"not_picked":["Fire Breathing+1","Dual Wield+1","Spot Weakness+1","Armaments+1"],"picked":"SKIP","floor":48}],"player_experience":271165,"relics_obtained":[{"floor":8,"key":"Anchor"},{"floor":9,"key":"Ice Cream"},{"floor":10,"key":"Du-Vu Doll"},{"floor":23,"key":"Art of War"},{"floor":25,"key":"Question Card"},{"floor":26,"key":"Peace Pipe"},{"floor":29,"key":"Darkstone Periapt"},{"floor":37,"key":"Old Coin"},{"floor":43,"key":"Torii"},{"floor":47,"key":"Pen Nib"},{"floor":48,"key":"Unceasing Top"}],"event_choices":[{"damage_healed":0,"gold_gain":0,"player_choice":"Obtain J.A.X.","damage_taken":0,"max_hp_gain":0,"max_hp_loss":0,"event_name":"Drug Dealer","floor":20,"gold_loss":0,"cards_obtained":["J.A.X."]},{"damage_healed":0,"gold_gain":0,"player_choice":"Obtained Relic","damage_taken":0,"relics_obtained":["Shuriken"],"max_hp_gain":0,"max_hp_loss":0,"event_name":"Addict","floor":22,"gold_loss":85},{"damage_healed":0,"gold_gain":0,"player_choice":"Ignored","damage_taken":0,"max_hp_gain":0,"max_hp_loss":0,"event_name":"Ghosts","floor":27,"gold_loss":0},{"damage_healed":0,"gold_gain":0,"player_choice":"Fight","damage_taken":0,"max_hp_gain":0,"max_hp_loss":0,"event_name":"Mysterious Sphere","floor":37,"gold_loss":0},{"damage_healed":0,"gold_gain":0,"player_choice":"Embrace Madness","damage_taken":10,"max_hp_gain":0,"max_hp_loss":0,"event_name":"Winding Halls","floor":39,"gold_loss":0,"cards_obtained":["Madness","Madness"]},{"damage_healed":0,"gold_gain":0,"player_choice":"Ignored","damage_taken":0,"max_hp_gain":0,"max_hp_loss":0,"event_name":"Tomb of Lord Red Mask","floor":42,"gold_loss":0}],"is_beta":false,"boss_relics":[{"not_picked":["Empty Cage","White Beast Statue"],"picked":"Astrolabe"},{"not_picked":["Black Star","Snecko Eye"],"picked":"Eternal Feather"}],"items_purged_floors":[36,46],"is_endless":false,"potions_floor_spawned":[1,2,8,10,14,19,23,24,31,33,35,37,38,41],"ascension_level":6}