{"gold_per_floor":[113,131,146,146,50,50,63,74,101,101,121,296,326,358,358,463,463,483,463,474,319,330,361,361,2,2,27,43,57,70,90,90,192,192,203,219,219,219,239,239,256,286,332,332,348,448,448,448,448,448],"floor_reached":51,"playtime":3725,"items_purged":["Strike_B"],"score":782,"play_id":"73ec3037-7481-46f4-80e9-c693b9562084","local_time":"20190210173642","is_ascension_mode":true,"campfire_choices":[{"floor":6,"key":"REST"},{"floor":15,"key":"REST"},{"floor":24,"key":"REST"},{"floor":32,"key":"REST"},{"floor":40,"key":"REST"},{"data":"Double Energy","floor":44,"key":"SMITH"},{"floor":49,"key":"REST"}],"neow_cost":"PERCENT_DAMAGE","seed_source_timestamp":449152426649276,"circlet_count":0,"master_deck":["Defend_B","Defend_B","Defend_B","Defend_B","Zap","Dualcast","Machine Learning","Amplify","Coolheaded","Coolheaded","Darkness+1","Coolheaded","Defragment","Turbo","Hello World","BootSequence","Consume","Echo Form","Heatsinks+1","Coolheaded","Capacitor","Glacier","Darkness+1","Double Energy+1","Compile Driver","Redo","Capacitor","Multi-Cast","Darkness+1","Secret Technique","Redo+1","Turbo+1"],"relics":["Cracked Core","DataDisk","Omamori","Oddly Smooth Stone","Black Star","Emotion Chip","Bottled Tornado","Lantern","DollysMirror","Ornamental Fan","Smiling Mask","Gremlin Horn","Runic Pyramid","Singing Bowl","Boot","Letter Opener","Blood Vial","StoneCalendar"],"potions_floor_usage":[16,23,27,27,33,33,36,39,50],"damage_taken":[{"damage":9,"enemies":"2 Louse","floor":1,"turns":3},{"damage":5,"enemies":"Jaw Worm","floor":2,"turns":5},{"damage":3,"enemies":"Cultist","floor":3,"turns":4},{"damage":5,"enemies":"Red Slaver","floor":7,"turns":4},{"damage":1,"enemies":"2 Fungi Beasts","floor":8,"turns":5},{"damage":0,"enemies":"Large Slime","floor":11,"turns":5},{"damage":1,"enemies":"3 Sentries","floor":14,"turns":7},{"damage":30,"enemies":"Hexaghost","floor":16,"turns":11},{"damage":0,"enemies":"Chosen","floor":18,"turns":5},{"damage":22,"enemies":"3 Byrds","floor":20,"turns":4},{"damage":1,"enemies":"Snake Plant","floor":22,"turns":6},{"damage":21,"enemies":"Book of Stabbing","floor":23,"turns":9},{"damage":1,"enemies":"Gremlin Leader","floor":27,"turns":7},{"damage":1,"enemies":"Cultist and Chosen","floor":28,"turns":5},{"damage":14,"enemies":"Centurion and Healer","floor":29,"turns":4},{"damage":8,"enemies":"Shelled Parasite and Fungi","floor":30,"turns":6},{"damage":13,"enemies":"3 Cultists","floor":31,"turns":4},{"damage":0,"enemies":"Champ","floor":33,"turns":9},{"damage":0,"enemies":"Orb Walker","floor":35,"turns":7},{"damage":19,"enemies":"3 Shapes","floor":36,"turns":5},{"damage":12,"enemies":"Jaw Worm Horde","floor":39,"turns":4},{"damage":7,"enemies":"Sphere and 2 Shapes","floor":41,"turns":5},{"damage":9,"enemies":"Nemesis","floor":42,"turns":9},{"damage":2,"enemies":"Maw","floor":45,"turns":7},{"damage":0,"enemies":"Mind Bloom Boss Battle","floor":46,"turns":5},{"damage":49,"enemies":"Awakened One","floor":50,"turns":8}],"seed_played":"-5436228139965520056","potions_obtained":[{"floor":2,"key":"GamblersBrew"},{"floor":3,"key":"SpeedPotion"},{"floor":8,"key":"PowerPotion"},{"floor":19,"key":"Poison Potion"},{"floor":22,"key":"PowerPotion"},{"floor":23,"key":"Poison Potion"},{"floor":28,"key":"Poison Potion"},{"floor":33,"key":"AttackPotion"},{"floor":36,"key":"Energy Potion"},{"floor":39,"key":"SmokeBomb"},{"floor":45,"key":"Fire Potion"}],"is_trial":false,"path_per_floor":["M","M","M","?","$","R","M","M","T","?","M","?","?","E","R","B",null,"M","?","M","$","M","E","R","$","T","E","M","M","M","M","R","B",null,"M","M","T","?","M","R","M","E","T","R","M","?","?","?","R","B",null],"character_chosen":"DEFECT","items_purchased":["Coolheaded","Defragment","Capacitor","Lantern","DollysMirror"],"campfire_rested":6,"item_purchase_floors":[5,5,21,25,25],"current_hp_per_floor":[45,40,37,30,30,52,47,46,46,46,46,46,46,45,67,37,75,75,75,53,53,52,31,53,53,53,52,51,37,29,16,38,38,75,75,56,56,56,44,66,61,52,52,52,54,58,58,58,81,32],"gold":448,"neow_bonus":"TRANSFORM_TWO_CARDS","is_prod":false,"is_daily":false,"chose_seed":false,"campfire_upgraded":1,"win_rate":0,"timestamp":1549838202,"path_taken":["M","M","M","?","$","R","M","M","T","?","M","?","?","E","R","BOSS","M","?","M","$","M","E","R","$","T","E","M","M","?","M","R","BOSS","M","M","?","?","M","R","M","E","T","R","M","?","?","?","R","BOSS"],"build_version":"2019-01-23","purchased_purges":1,"victory":true,"max_hp_per_floor":[75,75,75,75,75,75,75,75,75,75,75,75,75,75,75,75,75,75,75,75,75,75,75,75,75,75,75,75,75,75,75,75,75,75,75,75,75,75,75,75,77,77,77,77,79,81,81,81,81,81],"card_choices":[{"not_picked":["Beam Cell","Steam Power"],"picked":"Coolheaded","floor":1},{"not_picked":["Stack","Rebound"],"picked":"Coolheaded","floor":2},{"not_picked":["Recycle","Hologram"],"picked":"Darkness","floor":3},{"not_picked":["Gash","Go for the Eyes"],"picked":"Turbo","floor":7},{"not_picked":["Compile Driver","Meteor Strike"],"picked":"Hello World","floor":8},{"not_picked":["Compile Driver","Turbo"],"picked":"BootSequence","floor":11},{"not_picked":["Aggregate","Cold Snap"],"picked":"Consume","floor":14},{"not_picked":["Amplify","Fission"],"picked":"Echo Form","floor":16},{"not_picked":["Conserve Battery+1","Force Field"],"picked":"Heatsinks+1","floor":18},{"not_picked":["Conserve Battery","Hologram"],"picked":"Coolheaded","floor":20},{"not_picked":["Compile Driver+1","Conserve Battery+1","Steam"],"picked":"SKIP","floor":22},{"not_picked":["Scrape+1","Compile Driver"],"picked":"Glacier","floor":23},{"not_picked":["FTL","Rainbow"],"picked":"Double Energy","floor":27},{"not_picked":["Scrape+1","Gash+1"],"picked":"Compile Driver","floor":28},{"not_picked":["Ball Lightning+1","Cold Snap","Leap+1"],"picked":"SKIP","floor":29},{"not_picked":["Barrage","Beam Cell+1"],"picked":"Redo","floor":30},{"not_picked":["Conserve Battery","Reboot"],"picked":"Capacitor","floor":31},{"not_picked":["Core Surge","Machine Learning"],"picked":"Multi-Cast","floor":33},{"not_picked":["Barrage+1","Redo"],"picked":"Darkness+1","floor":35},{"not_picked":["Beam Cell+1","Ball Lightning","Gash+1"],"picked":"SKIP","floor":36},{"not_picked":["Flash of Steel","Deep Breath"],"picked":"Secret Technique","floor":38},{"not_picked":["Chill","Capacitor"],"picked":"Redo+1","floor":39},{"not_picked":["Compile Driver+1","Scrape","Cold Snap+1"],"picked":"Singing Bowl","floor":41},{"not_picked":["Stack+1","Go for the Eyes"],"picked":"Turbo+1","floor":42},{"not_picked":["Compile Driver","Hologram+1","Gash+1"],"picked":"Singing Bowl","floor":45},{"not_picked":["Beam Cell","Redo","Go for the Eyes+1"],"picked":"Singing Bowl","floor":46}],"player_experience":126538,"relics_obtained":[{"floor":9,"key":"Omamori"},{"floor":14,"key":"Oddly Smooth Stone"},{"floor":23,"key":"Emotion Chip"},{"floor":23,"key":"Bottled Tornado"},{"floor":26,"key":"Ornamental Fan"},{"floor":27,"key":"Smiling Mask"},{"floor":27,"key":"Gremlin Horn"},{"floor":37,"key":"Singing Bowl"},{"floor":42,"key":"Boot"},{"floor":42,"key":"Letter Opener"},{"floor":43,"key":"Blood Vial"},{"floor":46,"key":"StoneCalendar"}],"event_choices":[{"damage_healed":0,"gold_gain":0,"player_choice":"Success","damage_taken":7,"relics_obtained":["DataDisk"],"max_hp_gain":0,"max_hp_loss":0,"event_name":"Scrap Ooze","floor":4,"gold_loss":0},{"damage_healed":0,"gold_gain":0,"player_choice":"Grow","damage_taken":0,"max_hp_gain":0,"max_hp_loss":0,"event_name":"Living Wall","floor":10,"gold_loss":0,"cards_upgraded":["Darkness"]},{"damage_healed":0,"gold_gain":175,"player_choice":"AGREE","damage_taken":0,"max_hp_gain":0,"max_hp_loss":0,"event_name":"Liars Game","floor":12,"gold_loss":0,"cards_obtained":["Doubt"]},{"damage_healed":0,"gold_gain":30,"player_choice":"Searched \u00271\u0027 times","damage_taken":0,"max_hp_gain":0,"max_hp_loss":0,"event_name":"Dead Adventurer","floor":13,"gold_loss":0},{"damage_healed":0,"gold_gain":0,"player_choice":"Bought 1 Potion","damage_taken":0,"max_hp_gain":0,"max_hp_loss":0,"event_name":"The Woman in Blue","floor":19,"gold_loss":0},{"damage_healed":0,"gold_gain":0,"player_choice":"Memory 1","damage_taken":0,"max_hp_gain":0,"max_hp_loss":0,"event_name":"SensoryStone","floor":38,"gold_loss":0},{"damage_healed":0,"gold_gain":0,"player_choice":"Fight","damage_taken":0,"max_hp_gain":0,"max_hp_loss":0,"event_name":"MindBloom","floor":46,"gold_loss":0},{"damage_healed":0,"gold_gain":0,"player_choice":"Ignored","damage_taken":0,"max_hp_gain":0,"max_hp_loss":0,"event_name":"Mysterious Sphere","floor":47,"gold_loss":0},{"cards_removed":["Strike_B"],"damage_healed":0,"gold_gain":0,"player_choice":"Removed Attack","damage_taken":0,"max_hp_gain":0,"max_hp_loss":0,"event_name":"Falling","floor":48,"gold_loss":0}],"is_beta":false,"boss_relics":[{"not_picked":["Lizard Tail","Tiny House"],"picked":"Black Star"},{"not_picked":["Runic Dome","Eternal Feather"],"picked":"Runic Pyramid"}],"items_purged_floors":[21],"is_endless":false,"potions_floor_spawned":[2,3,8,20,22,23,28,33,36,39,45],"ascension_level":1}