{"gold_per_floor":[113,124,137,149,162,193,204,204,228,258,271,50,150,163,163,262,262,277,293,244,244,261,261,289,306,306,306,326,326,326,346,346,346],"floor_reached":33,"playtime":1355,"items_purged":["Strike_B"],"score":297,"play_id":"c94c302c-2969-41f7-adf2-37ea78416f92","local_time":"20190107000319","is_ascension_mode":true,"campfire_choices":[{"floor":8,"key":"REST"},{"floor":15,"key":"REST"},{"floor":23,"key":"REST"},{"floor":27,"key":"REST"},{"floor":29,"key":"REST"},{"floor":32,"key":"REST"}],"neow_cost":"NONE","seed_source_timestamp":1488027807492141,"circlet_count":0,"master_deck":["Strike_B","Defend_B+1","Defend_B","Defend_B","Defend_B","Zap+1","Dualcast+1","Sweeping Beam","Streamline","Electrodynamics","Loop","Consume","Capacitor","Defragment","Ball Lightning","Beam Cell","Core Surge","Cold Snap","Conserve Battery","Barrage+1","Glacier+1","Lockon","Undo+1","Go for the Eyes"],"relics":["Cracked Core","PreservedInsect","War Paint","Lantern","Empty Cage","MutagenicStrength","Orichalcum","Art of War"],"potions_floor_usage":[5,6,16,16,24,25],"damage_taken":[{"damage":5,"enemies":"Small Slimes","floor":1,"turns":3},{"damage":1,"enemies":"Cultist","floor":2,"turns":3},{"damage":1,"enemies":"Jaw Worm","floor":3,"turns":3},{"damage":7,"enemies":"2 Fungi Beasts","floor":4,"turns":3},{"damage":6,"enemies":"Exordium Wildlife","floor":5,"turns":2},{"damage":22,"enemies":"3 Sentries","floor":6,"turns":6},{"damage":6,"enemies":"3 Louse","floor":7,"turns":2},{"damage":15,"enemies":"Lagavulin","floor":10,"turns":6},{"damage":0,"enemies":"2 Fungi Beasts","floor":11,"turns":2},{"damage":8,"enemies":"Exordium Wildlife","floor":14,"turns":3},{"damage":41,"enemies":"Hexaghost","floor":16,"turns":6},{"damage":24,"enemies":"Shell Parasite","floor":18,"turns":5},{"damage":24,"enemies":"Chosen","floor":19,"turns":5},{"damage":18,"enemies":"Shelled Parasite and Fungi","floor":22,"turns":5},{"damage":11,"enemies":"Gremlin Leader","floor":24,"turns":4},{"damage":17,"enemies":"Snake Plant","floor":25,"turns":6},{"damage":18,"enemies":"Cultist and Chosen","floor":28,"turns":6},{"damage":8,"enemies":"Snecko","floor":31,"turns":5},{"damage":47,"enemies":"Collector","floor":33,"turns":6}],"seed_played":"6405997880457564252","potions_obtained":[{"floor":2,"key":"Regen Potion"},{"floor":4,"key":"Explosive Potion"},{"floor":5,"key":"Strength Potion"},{"floor":11,"key":"Strength Potion"},{"floor":19,"key":"Fire Potion"},{"floor":24,"key":"Weak Potion"}],"is_trial":false,"path_per_floor":["M","M","M","M","M","E","M","R","T","E","M","$","?","M","R","B",null,"M","M","$","?","M","R","E","M","T","R","M","R","?","M","R","B"],"character_chosen":"DEFECT","items_purchased":["Defragment","Ball Lightning","Beam Cell","Conserve Battery"],"campfire_rested":6,"item_purchase_floors":[12,12,12,20],"current_hp_per_floor":[70,69,68,61,55,33,27,49,49,34,34,34,34,26,48,21,75,51,27,27,27,9,31,20,3,3,25,7,29,29,21,43,0],"gold":346,"neow_bonus":"UPGRADE_CARD","is_prod":false,"is_daily":false,"chose_seed":false,"campfire_upgraded":0,"win_rate":0,"timestamp":1546848199,"path_taken":["M","M","M","M","M","E","M","R","T","E","M","$","?","M","R","BOSS","M","?","$","?","M","R","E","M","T","R","M","R","?","M","R","BOSS"],"build_version":"2019-01-03v4","purchased_purges":1,"victory":false,"max_hp_per_floor":[75,75,75,75,75,75,75,75,75,75,75,75,75,75,75,75,75,75,75,75,75,75,75,75,75,75,75,75,75,75,75,75,75],"card_choices":[{"not_picked":["Streamline","Stack"],"picked":"Sweeping Beam","floor":1},{"not_picked":["Biased Cognition","Turbo","Stack"],"picked":"SKIP","floor":2},{"not_picked":["Turbo","Redo","Gash"],"picked":"SKIP","floor":3},{"not_picked":["Steam Power","Gash","Sweeping Beam"],"picked":"SKIP","floor":4},{"not_picked":["Aggregate","Leap"],"picked":"Streamline","floor":5},{"not_picked":["Ball Lightning","White Noise"],"picked":"Electrodynamics","floor":6},{"not_picked":["Melter","Streamline"],"picked":"Loop","floor":7},{"not_picked":["Hologram","Rebound"],"picked":"Consume","floor":10},{"not_picked":["Thunder Strike","Go for the Eyes"],"picked":"Capacitor","floor":11},{"not_picked":["Leap","Steam Power","Doom and Gloom"],"picked":"SKIP","floor":14},{"not_picked":["Thunder Strike","Fission"],"picked":"Core Surge","floor":16},{"not_picked":["Double Energy","Scrape"],"picked":"Cold Snap","floor":18},{"not_picked":["Fusion","Recycle","Turbo"],"picked":"SKIP","floor":19},{"not_picked":["Turbo+1","Sweeping Beam+1"],"picked":"Barrage+1","floor":22},{"not_picked":["Coolheaded","Aggregate"],"picked":"Glacier+1","floor":24},{"not_picked":["Aggregate","Gash"],"picked":"Lockon","floor":25},{"not_picked":["Chill","FTL+1"],"picked":"Undo+1","floor":28},{"not_picked":["Blizzard","Darkness"],"picked":"Go for the Eyes","floor":31}],"player_experience":111375,"relics_obtained":[{"floor":6,"key":"PreservedInsect"},{"floor":9,"key":"War Paint"},{"floor":10,"key":"Lantern"},{"floor":24,"key":"Orichalcum"},{"floor":26,"key":"Art of War"}],"event_choices":[{"damage_healed":0,"gold_gain":100,"player_choice":"Pray","damage_taken":0,"max_hp_gain":0,"max_hp_loss":0,"event_name":"Golden Shrine","floor":13,"gold_loss":0},{"damage_healed":0,"gold_gain":0,"player_choice":"Inject Mutagens","damage_taken":0,"relics_obtained":["MutagenicStrength"],"max_hp_gain":0,"max_hp_loss":0,"event_name":"Drug Dealer","floor":21,"gold_loss":0},{"damage_healed":0,"gold_gain":0,"player_choice":"Ignored","damage_taken":0,"max_hp_gain":0,"max_hp_loss":0,"event_name":"Ghosts","floor":30,"gold_loss":0}],"is_beta":false,"boss_relics":[{"not_picked":["Tiny House","White Beast Statue"],"picked":"Empty Cage"}],"items_purged_floors":[12],"is_endless":false,"potions_floor_spawned":[2,4,5,11,19,24],"killed_by":"Collector","ascension_level":1}