{"gold_per_floor":[113,113,125,137,155,155,172,203,203,203,221,221,234,266,266,367,367,386,386,386,386,401,401,401,401,428,441,452,479,504,515,515,616,616,631,631,137,155,155,189,189,36,88,88],"floor_reached":44,"playtime":2010,"items_purged":["Strike_B"],"score":632,"play_id":"1c60f510-53c9-4c63-838a-a59d2249fca6","local_time":"20190203223542","is_ascension_mode":true,"campfire_choices":[{"data":"Zap","floor":6,"key":"SMITH"},{"data":"Go for the Eyes","floor":10,"key":"SMITH"},{"data":"Darkness","floor":15,"key":"SMITH"},{"data":"Dualcast","floor":23,"key":"SMITH"},{"floor":25,"key":"REST"},{"floor":32,"key":"REST"},{"floor":41,"key":"REST"}],"neow_cost":"NONE","seed_source_timestamp":1480206739181785,"circlet_count":0,"master_deck":["Strike_B","Strike_B","Defend_B","Defend_B","Defend_B","Defend_B","Zap+1","Dualcast+1","Conserve Battery","Glacier+1","Go for the Eyes+1","Chaos+1","Darkness+1","Melter","Electrodynamics","Conserve Battery+1","Consume","Cold Snap","Seek","Echo Form","Defragment","Capacitor+1","Go for the Eyes+1"],"relics":["Cracked Core","Bag of Marbles","Calipers","Dodecahedron","Sundial","Sozu","Happy Flower","Singing Bowl","War Paint","Nuclear Battery","Regal Pillow","Sling","Omamori","Ancient Tea Set","DataDisk"],"potions_floor_usage":[28,28,33],"damage_taken":[{"damage":1,"enemies":"Cultist","floor":1,"turns":3},{"damage":10,"enemies":"Small Slimes","floor":3,"turns":3},{"damage":3,"enemies":"2 Louse","floor":4,"turns":3},{"damage":2,"enemies":"2 Fungi Beasts","floor":5,"turns":4},{"damage":1,"enemies":"Large Slime","floor":7,"turns":7},{"damage":10,"enemies":"Lagavulin","floor":8,"turns":9},{"damage":4,"enemies":"3 Louse","floor":11,"turns":5},{"damage":0,"enemies":"Red Slaver","floor":13,"turns":3},{"damage":7,"enemies":"Gremlin Nob","floor":14,"turns":4},{"damage":11,"enemies":"Hexaghost","floor":16,"turns":9},{"damage":0,"enemies":"Chosen","floor":18,"turns":4},{"damage":0,"enemies":"Shell Parasite","floor":22,"turns":5},{"damage":0,"enemies":"Cultist and Chosen","floor":27,"turns":4},{"damage":21,"enemies":"Centurion and Healer","floor":28,"turns":4},{"damage":30,"enemies":"Slavers","floor":29,"turns":4},{"damage":4,"enemies":"Snake Plant","floor":31,"turns":4},{"damage":20,"enemies":"Collector","floor":33,"turns":15},{"damage":27,"enemies":"3 Darklings","floor":35,"turns":6},{"damage":17,"enemies":"Orb Walker","floor":38,"turns":5},{"damage":70,"enemies":"Reptomancer","floor":40,"turns":9},{"damage":42,"enemies":"Transient","floor":44,"turns":4}],"seed_played":"-1867028820893486935","potions_obtained":[{"floor":4,"key":"Explosive Potion"},{"floor":8,"key":"Dexterity Potion"},{"floor":13,"key":"Fire Potion"}],"is_trial":false,"path_per_floor":["M","?","M","M","M","R","M","E","T","R","M","?","M","E","R","B",null,"M","?","?","?","M","R","?","R","T","M","M","E","T","M","R","B",null,"M","?","$","M","?","E","R","$","T","M"],"character_chosen":"DEFECT","items_purchased":["Defragment","Regal Pillow","Sling","Ancient Tea Set"],"campfire_rested":3,"item_purchase_floors":[37,37,37,42],"current_hp_per_floor":[67,67,57,54,52,52,51,41,41,41,37,37,37,30,30,19,61,61,45,31,31,31,31,31,55,55,55,34,6,6,4,29,9,65,40,40,40,23,75,5,42,42,42,0],"gold":88,"neow_bonus":"RANDOM_COMMON_RELIC","is_prod":false,"is_daily":false,"chose_seed":false,"campfire_upgraded":4,"win_rate":0,"timestamp":1549262142,"path_taken":["M","?","M","M","?","R","M","E","T","R","M","?","M","E","R","BOSS","M","?","?","?","M","R","?","R","T","M","M","E","?","M","R","BOSS","M","?","$","?","?","E","R","$","T","M"],"build_version":"2019-01-23","purchased_purges":1,"victory":false,"max_hp_per_floor":[75,75,75,75,75,75,75,75,75,75,75,75,75,75,75,75,75,75,75,80,80,80,80,80,80,80,80,80,82,82,84,84,84,84,86,86,86,86,75,75,75,75,75,75],"card_choices":[{"not_picked":["Rebound","Hello World"],"picked":"Conserve Battery","floor":1},{"not_picked":["White Noise","Redo"],"picked":"Glacier","floor":3},{"not_picked":["White Noise","Scrape","Stack"],"picked":"SKIP","floor":4},{"not_picked":["White Noise","Coolheaded"],"picked":"Go for the Eyes","floor":5},{"not_picked":["Coolheaded","Cold Snap"],"picked":"Chaos","floor":7},{"not_picked":["All For One","Coolheaded"],"picked":"Darkness","floor":8},{"not_picked":["Doom and Gloom","Scrape","Self Repair"],"picked":"SKIP","floor":11},{"not_picked":["FTL","Redo"],"picked":"Melter","floor":13},{"not_picked":["Barrage","Beam Cell","Darkness"],"picked":"SKIP","floor":14},{"not_picked":["Reboot","Hyperbeam"],"picked":"Electrodynamics","floor":16},{"not_picked":["Fusion","Barrage"],"picked":"Conserve Battery","floor":18},{"not_picked":["Reprogram+1","Beam Cell","Hello World"],"picked":"SKIP","floor":22},{"not_picked":["Streamline","White Noise"],"picked":"Cold Snap","floor":27},{"not_picked":["Beam Cell","Streamline","Heatsinks"],"picked":"SKIP","floor":28},{"not_picked":["Hologram","Cold Snap","Redo+1"],"picked":"Singing Bowl","floor":29},{"not_picked":["Fusion","Glacier","Stack"],"picked":"Singing Bowl","floor":31},{"not_picked":["Reboot","Machine Learning"],"picked":"Seek","floor":33},{"not_picked":["Streamline+1","Genetic Algorithm+1","Compile Driver"],"picked":"Singing Bowl","floor":35},{"not_picked":["Hologram","Ball Lightning"],"picked":"Capacitor+1","floor":38},{"not_picked":["Streamline+1","Sweeping Beam"],"picked":"Go for the Eyes+1","floor":40}],"player_experience":316346,"relics_obtained":[{"floor":8,"key":"Calipers"},{"floor":9,"key":"Dodecahedron"},{"floor":14,"key":"Sundial"},{"floor":26,"key":"Happy Flower"},{"floor":29,"key":"Singing Bowl"},{"floor":30,"key":"War Paint"},{"floor":40,"key":"Omamori"},{"floor":43,"key":"DataDisk"}],"event_choices":[{"cards_removed":["Strike_B"],"damage_healed":0,"gold_gain":0,"player_choice":"Offered Basic","damage_taken":0,"max_hp_gain":0,"max_hp_loss":0,"event_name":"Bonfire Elementals","floor":2,"gold_loss":0},{"damage_healed":0,"gold_gain":0,"player_choice":"Grow","damage_taken":0,"max_hp_gain":0,"max_hp_loss":0,"event_name":"Living Wall","floor":12,"gold_loss":0,"cards_upgraded":["Glacier"]},{"damage_healed":0,"gold_gain":0,"player_choice":"Obtained Book","damage_taken":16,"max_hp_gain":0,"max_hp_loss":0,"event_name":"Cursed Tome","floor":19,"gold_loss":0},{"damage_healed":0,"gold_gain":0,"player_choice":"Shed Blood","damage_taken":19,"max_hp_gain":5,"max_hp_loss":0,"event_name":"Forgotten Altar","floor":20,"gold_loss":0},{"damage_healed":0,"gold_gain":0,"player_choice":"Ignored","damage_taken":0,"max_hp_gain":0,"max_hp_loss":0,"event_name":"Ghosts","floor":21,"gold_loss":0},{"damage_healed":0,"gold_gain":0,"player_choice":"Read","damage_taken":0,"max_hp_gain":0,"max_hp_loss":0,"event_name":"The Library","floor":24,"gold_loss":0,"cards_obtained":["Consume"]},{"damage_healed":0,"gold_gain":0,"player_choice":"1 cards matched","damage_taken":0,"max_hp_gain":0,"max_hp_loss":0,"event_name":"Match and Keep!","floor":36,"gold_loss":0,"cards_obtained":["Echo Form"]},{"damage_healed":75,"gold_gain":0,"player_choice":"Heal","damage_taken":0,"max_hp_gain":0,"max_hp_loss":11,"event_name":"The Moai Head","floor":39,"gold_loss":0}],"is_beta":false,"boss_relics":[{"not_picked":["Astrolabe","Tiny House"],"picked":"Sozu"},{"not_picked":["Calling Bell","Coffee Dripper"],"picked":"Nuclear Battery"}],"items_purged_floors":[37],"is_endless":false,"potions_floor_spawned":[4,8,13,14,16,27,28,33,35,38],"killed_by":"Transient","ascension_level":7}