{"gold_per_floor":[119,119,119,134,147,172,183,210,210,210,223,241,257,276,276,371,371,384,396,414,18,32,32,10,27,107,126,137,137,152,169,169,272,272,291,291,308,327,327,327,327],"floor_reached":41,"playtime":5840,"items_purged":["Normality"],"score":477,"play_id":"35cf6075-6074-4c5a-a06b-faaa29cb9ad2","local_time":"20180901232757","is_ascension_mode":true,"campfire_choices":[{"floor":10.0,"key":"REST"},{"floor":15.0,"key":"REST"},{"floor":23.0,"key":"REST"},{"data":"Coolheaded","floor":32.0,"key":"SMITH"},{"floor":40,"key":"REST"}],"neow_cost":"NONE","seed_source_timestamp":0,"circlet_count":0,"master_deck":["Strike_B","Strike_B","Strike_B","Strike_B","Defend_B","Defend_B","Defend_B","Defend_B","Zap","Dualcast","Amplify","Hello World","Hologram","Glacier","Blizzard","Coolheaded+1","Self Repair","Blizzard+1","Doom and Gloom+1","Beam Cell+1","Stack","Buffer+1","Turbo+1","Capacitor+1","Go for the Eyes+1","Double Energy","Leap+1","Barrage+1","Steam Power","Defragment+1","Rebound+1","Heatsinks+1","Decay","Coolheaded+1"],"special_seed":0,"relics":["Cracked Core","Blood Vial","Dodecahedron","Molten Egg 2","Frozen Egg 2","Busted Crown","Bronze Scales","Mummified Hand","MutagenicStrength","Philosopher\u0027s Stone","Bottled Flame"],"potions_floor_usage":[],"damage_taken":[{"damage":2.0,"enemies":"Jaw Worm","floor":1.0,"turns":3.0},{"damage":1.0,"enemies":"Cultist","floor":4.0,"turns":3.0},{"damage":11.0,"enemies":"2 Louse","floor":5.0,"turns":3.0},{"damage":23.0,"enemies":"3 Sentries","floor":6.0,"turns":8.0},{"damage":6.0,"enemies":"Looter","floor":7.0,"turns":4.0},{"damage":23.0,"enemies":"Gremlin Nob","floor":8.0,"turns":4.0},{"damage":21.0,"enemies":"Red Slaver","floor":11.0,"turns":7.0},{"damage":20.0,"enemies":"3 Louse","floor":12.0,"turns":4.0},{"damage":4.0,"enemies":"Lots of Slimes","floor":13.0,"turns":2.0},{"damage":33.0,"enemies":"Gremlin Gang","floor":14.0,"turns":4.0},{"damage":47.0,"enemies":"Hexaghost","floor":16.0,"turns":13.0},{"damage":25.0,"enemies":"2 Thieves","floor":18.0,"turns":5.0},{"damage":20.0,"enemies":"Chosen","floor":19.0,"turns":7.0},{"damage":29.0,"enemies":"Shelled Parasite and Fungi","floor":20.0,"turns":7.0},{"damage":3.0,"enemies":"Centurion and Healer","floor":22.0,"turns":7.0},{"damage":7.0,"enemies":"Snake Plant","floor":25.0,"turns":6.0},{"damage":0.0,"enemies":"Snecko","floor":27.0,"turns":5.0},{"damage":5.0,"enemies":"Centurion and Healer","floor":28.0,"turns":6.0},{"damage":20.0,"enemies":"Snake Plant","floor":30.0,"turns":3.0},{"damage":3.0,"enemies":"Cultist and Chosen","floor":31.0,"turns":7.0},{"damage":37.0,"enemies":"Automaton","floor":33.0,"turns":13.0},{"damage":36,"enemies":"3 Darklings","floor":35,"turns":5},{"damage":0,"enemies":"3 Shapes","floor":37,"turns":4},{"damage":35,"enemies":"3 Darklings","floor":38,"turns":5},{"damage":61,"enemies":"Giant Head","floor":41,"turns":10}],"seed_played":"2566535803555627463","potions_obtained":[{"floor":1.0,"key":"Poison Potion"},{"floor":3.0,"key":"FairyPotion"},{"floor":3.0,"key":"EntropicBrew"},{"floor":8.0,"key":"SpeedPotion"},{"floor":12.0,"key":"Block Potion"},{"floor":14.0,"key":"Regen Potion"},{"floor":16.0,"key":"Swift Potion"},{"floor":22.0,"key":"FearPotion"},{"floor":25.0,"key":"Ancient Potion"},{"floor":28.0,"key":"AttackPotion"},{"floor":30.0,"key":"GamblersBrew"},{"floor":31.0,"key":"Swift Potion"}],"is_trial":false,"path_per_floor":["M","?","?","M","M","E","M","E","T","R","M","M","M","M","R","B",null,"M","M","M","$","M","R","$","M","T","M","M","?","M","M","R","B",null,"M","?","M","M","T","R"],"character_chosen":"DEFECT","items_purchased":["Bronze Scales","Capacitor+1","Go for the Eyes+1","Double Energy","Barrage+1"],"campfire_rested":4,"item_purchase_floors":[21,21,21,21,24],"current_hp_per_floor":[73,73,73,74,64,43,39,18,18,40,28,10,15,14,36,13,75,57,46,26,26,32,54,54,56,56,65,69,69,51,57,57,29,75,46,46,55,29,29,51,0],"gold":327,"neow_bonus":"ONE_RANDOM_RARE_CARD","is_prod":false,"is_daily":false,"chose_seed":false,"campfire_upgraded":1,"win_rate":0,"timestamp":1535858877,"path_taken":["M","?","?","M","?","E","?","E","T","R","M","M","M","M","R","BOSS","M","M","M","$","M","R","?","M","T","M","M","?","M","M","R","BOSS","M","?","?","M","?","R","E"],"build_version":"2018-08-30","purchased_purges":1,"victory":false,"max_hp_per_floor":[75,75,75,75,75,75,75,75,75,75,75,75,75,75,75,75,75,75,75,75,75,75,75,75,75,75,75,75,75,75,75,75,75,75,75,75,75,75,75,75,75],"card_choices":[{"not_picked":["Turbo","Redo"],"picked":"Hello World","floor":1.0},{"not_picked":["Barrage","Gash"],"picked":"Hologram","floor":4.0},{"not_picked":["BootSequence","Turbo"],"picked":"Glacier","floor":5.0},{"not_picked":["Rebound","Redo"],"picked":"Blizzard","floor":6.0},{"not_picked":["Sunder","Scrape"],"picked":"Coolheaded","floor":7.0},{"not_picked":["Amplify","Force Field"],"picked":"Self Repair","floor":8.0},{"not_picked":["Auto Shields","Recycle"],"picked":"Blizzard+1","floor":11.0},{"not_picked":["Chaos","Redo"],"picked":"Doom and Gloom+1","floor":12.0},{"not_picked":["Consume","Rip and Tear+1"],"picked":"Beam Cell+1","floor":13.0},{"not_picked":["Turbo","Auto Shields"],"picked":"Stack","floor":14.0},{"not_picked":["Amplify","All For One+1"],"picked":"Buffer+1","floor":16.0},{"not_picked":[],"picked":"Turbo+1","floor":18.0},{"not_picked":["Beam Cell+1"],"picked":"SKIP","floor":19.0},{"not_picked":["Streamline+1"],"picked":"SKIP","floor":20.0},{"not_picked":[],"picked":"Leap+1","floor":22.0},{"not_picked":[],"picked":"Steam Power","floor":25.0},{"not_picked":[],"picked":"Defragment+1","floor":27.0},{"not_picked":[],"picked":"Rebound+1","floor":28.0},{"not_picked":["Hologram"],"picked":"SKIP","floor":30.0},{"not_picked":["Stack"],"picked":"SKIP","floor":31.0},{"not_picked":["Stack"],"picked":"SKIP","floor":31.0},{"not_picked":["Stack"],"picked":"SKIP","floor":31.0},{"not_picked":[],"picked":"Heatsinks+1","floor":35},{"not_picked":[],"picked":"Coolheaded+1","floor":37},{"not_picked":["Redo"],"picked":"SKIP","floor":38}],"player_experience":291870,"relics_obtained":[{"floor":6.0,"key":"Dodecahedron"},{"floor":8.0,"key":"Molten Egg 2"},{"floor":9.0,"key":"Frozen Egg 2"},{"floor":26.0,"key":"Mummified Hand"},{"floor":39,"key":"Bottled Flame"}],"event_choices":[{"event_name":"Accursed Blacksmith","player_choice":"Rummage","floor":2.0,"damage_taken":0.0},{"event_name":"The Lab","player_choice":"Got Potions","floor":3.0,"damage_taken":0.0},{"event_name":"Drug Dealer","player_choice":"Inject Mutagens","floor":29.0,"damage_taken":0.0},{"event_name":"Wheel of Change","player_choice":"Curse","floor":36,"damage_taken":0}],"is_beta":false,"boss_relics":[{"not_picked":["FrozenCore","Velvet Choker"],"picked":"Busted Crown"},{"not_picked":["Orrery","Snecko Eye"],"picked":"Philosopher\u0027s Stone"}],"items_purged_floors":[21],"is_endless":false,"potions_floor_spawned":[1,6,8,12,14,16,22,25,28,30,31],"killed_by":"Giant Head","ascension_level":3}