{"gold_per_floor":[117,46,65,84,84,84,158,158,184,208,208,229,248,292,292,422,422,435,460,460,484,53,53,67,98,122,122,145,145,168,168,168,298,298,314,314,314,314,338,338,338],"floor_reached":41,"playtime":1872,"items_purged":["Strike_R"],"score":486,"play_id":"06e3ac6d-7619-46cc-b709-1048701ebac3","local_time":"20190112000635","is_ascension_mode":true,"campfire_choices":[{"data":"Bash","floor":6,"key":"SMITH"},{"data":"Cleave","floor":8,"key":"SMITH"},{"data":"Twin Strike","floor":11,"key":"SMITH"},{"floor":15,"key":"REST"},{"floor":23,"key":"REST"},{"data":"True Grit","floor":29,"key":"SMITH"},{"data":"Flame Barrier","floor":32,"key":"SMITH"},{"data":"Intimidate","floor":40,"key":"SMITH"}],"neow_cost":"NONE","seed_source_timestamp":271424088322635,"circlet_count":0,"master_deck":["Strike_R","Strike_R","Strike_R","Strike_R","Defend_R","Defend_R","Defend_R","Defend_R","Bash+1","Cleave+1","Pommel Strike","Twin Strike+1","Warcry+1","Uppercut","Immolate","Intimidate+1","Flame Barrier+1","Shockwave+1","True Grit+1","Armaments+1","Demon Form","Metallicize","Headbutt+1"],"relics":["Black Blood","Golden Idol","Tiny Chest","Red Skull","Kunai","Velvet Choker","Juzu Bracelet","War Paint","Bronze Scales","Oddly Smooth Stone","Question Card"],"potions_floor_usage":[7,12,14,18,19,33,35,41,41],"damage_taken":[{"damage":11,"enemies":"Jaw Worm","floor":1,"turns":4},{"damage":1,"enemies":"Cultist","floor":3,"turns":3},{"damage":0,"enemies":"2 Louse","floor":4,"turns":2},{"damage":30,"enemies":"3 Sentries","floor":7,"turns":8},{"damage":13,"enemies":"Large Slime","floor":10,"turns":3},{"damage":11,"enemies":"Blue Slaver","floor":12,"turns":3},{"damage":12,"enemies":"3 Louse","floor":13,"turns":2},{"damage":20,"enemies":"Lagavulin","floor":14,"turns":5},{"damage":30,"enemies":"Slime Boss","floor":16,"turns":9},{"damage":28,"enemies":"Shell Parasite","floor":18,"turns":4},{"damage":0,"enemies":"Spheric Guardian","floor":19,"turns":3},{"damage":30,"enemies":"Centurion and Healer","floor":21,"turns":4},{"damage":6,"enemies":"Snecko","floor":24,"turns":5},{"damage":29,"enemies":"Book of Stabbing","floor":25,"turns":6},{"damage":0,"enemies":"Sentry and Sphere","floor":28,"turns":3},{"damage":10,"enemies":"Centurion and Healer","floor":30,"turns":3},{"damage":23,"enemies":"Champ","floor":33,"turns":11},{"damage":19,"enemies":"3 Darklings","floor":35,"turns":5},{"damage":18,"enemies":"Orb Walker","floor":39,"turns":3},{"damage":75,"enemies":"Giant Head","floor":41,"turns":8}],"seed_played":"-3699676650288760505","potions_obtained":[{"floor":0,"key":"Regen Potion"},{"floor":0,"key":"Ancient Potion"},{"floor":0,"key":"Fire Potion"},{"floor":4,"key":"Strength Potion"},{"floor":12,"key":"LiquidBronze"},{"floor":13,"key":"Weak Potion"},{"floor":16,"key":"AttackPotion"},{"floor":18,"key":"SteroidPotion"},{"floor":28,"key":"Weak Potion"},{"floor":33,"key":"GamblersBrew"}],"is_trial":false,"path_per_floor":["M","$","M","M","?","R","E","R","T","M","R","M","M","E","R","B",null,"M","M","?","M","$","R","M","E","T","?","M","R","M","?","R","B",null,"M","?","?","T","M","R","E"],"character_chosen":"IRONCLAD","items_purchased":["Pommel Strike","Twin Strike","Juzu Bracelet","War Paint","True Grit"],"campfire_rested":2,"item_purchase_floors":[2,2,22,22,22],"current_hp_per_floor":[75,75,80,80,74,74,50,50,50,43,43,43,37,23,45,21,74,52,58,58,34,34,56,56,33,33,33,39,39,35,59,59,42,74,65,65,65,65,57,57,0],"gold":338,"neow_bonus":"THREE_SMALL_POTIONS","is_prod":false,"is_daily":false,"chose_seed":false,"campfire_upgraded":6,"win_rate":0,"timestamp":1547280395,"path_taken":["M","$","M","M","?","R","E","R","T","M","R","M","M","E","R","BOSS","M","M","?","?","$","R","M","E","T","?","M","R","M","?","R","BOSS","M","?","?","?","M","R","E"],"build_version":"2019-01-10","purchased_purges":1,"victory":false,"max_hp_per_floor":[80,80,80,80,74,74,74,74,74,74,74,74,74,74,74,74,74,74,74,74,74,74,74,74,74,74,74,74,74,74,74,74,74,74,74,70,70,70,70,70,70],"card_choices":[{"not_picked":["Anger","Metallicize"],"picked":"Cleave","floor":1},{"not_picked":["Power Through","Clash","Thunderclap"],"picked":"SKIP","floor":3},{"not_picked":["Flex","Perfected Strike","Thunderclap"],"picked":"SKIP","floor":4},{"not_picked":["Cleave","Burning Pact"],"picked":"Warcry","floor":7},{"not_picked":["Corruption","Burning Pact","Thunderclap"],"picked":"SKIP","floor":10},{"not_picked":["Sentinel","Armaments"],"picked":"Uppercut","floor":12},{"not_picked":["Pummel","Anger","Wild Strike"],"picked":"SKIP","floor":13},{"not_picked":["Dark Embrace","Cleave","Rupture"],"picked":"SKIP","floor":14},{"not_picked":["Offering","Brutality"],"picked":"Immolate","floor":16},{"not_picked":["Searing Blow+1","Armaments"],"picked":"Intimidate","floor":18},{"not_picked":["Body Slam","Havoc+1"],"picked":"Flame Barrier","floor":19},{"not_picked":["Perfected Strike","Whirlwind"],"picked":"Shockwave","floor":21},{"not_picked":["Searing Blow","Sword Boomerang"],"picked":"Armaments+1","floor":25},{"not_picked":["Perfected Strike","Clash+1"],"picked":"Demon Form","floor":28},{"not_picked":["Bloodletting","Thunderclap"],"picked":"Metallicize","floor":30},{"not_picked":["Clothesline","Sentinel+1","Rupture"],"picked":"SKIP","floor":35},{"not_picked":["Inflame","Rampage+1","Clothesline+1"],"picked":"Headbutt+1","floor":39}],"player_experience":147714,"relics_obtained":[{"floor":7,"key":"Tiny Chest"},{"floor":9,"key":"Red Skull"},{"floor":14,"key":"Kunai"},{"floor":25,"key":"Bronze Scales"},{"floor":26,"key":"Oddly Smooth Stone"},{"floor":38,"key":"Question Card"}],"event_choices":[{"damage_healed":0,"gold_gain":0,"player_choice":"Lose Max HP","damage_taken":0,"relics_obtained":["Golden Idol"],"max_hp_gain":0,"max_hp_loss":6,"event_name":"Golden Idol","floor":5,"gold_loss":0},{"damage_healed":0,"gold_gain":0,"player_choice":"Ignored","damage_taken":0,"max_hp_gain":0,"max_hp_loss":0,"event_name":"N\u0027loth","floor":20,"gold_loss":0},{"damage_healed":0,"gold_gain":0,"player_choice":"Ignored","damage_taken":0,"max_hp_gain":0,"max_hp_loss":0,"event_name":"Ghosts","floor":27,"gold_loss":0},{"damage_healed":24,"gold_gain":0,"player_choice":"Heal","damage_taken":0,"max_hp_gain":0,"max_hp_loss":0,"event_name":"The Library","floor":31,"gold_loss":0},{"damage_healed":0,"gold_gain":0,"player_choice":"Max HP","damage_taken":0,"max_hp_gain":0,"max_hp_loss":4,"event_name":"Winding Halls","floor":36,"gold_loss":0},{"damage_healed":0,"gold_gain":0,"player_choice":"Ignored","damage_taken":0,"max_hp_gain":0,"max_hp_loss":0,"event_name":"Tomb of Lord Red Mask","floor":37,"gold_loss":0}],"is_beta":false,"boss_relics":[{"not_picked":["Philosopher\u0027s Stone","Lizard Tail"],"picked":"Velvet Choker"},{"not_picked":["Mark of Pain","Orrery"],"picked":"Black Blood"}],"items_purged_floors":[22],"is_endless":false,"potions_floor_spawned":[4,12,13,16,18,28,33],"killed_by":"Giant Head","ascension_level":3}