{"gold_per_floor":[114,129,129,144,159,189,189,204,204,204,219,249,279,294,294,394,394,364,464,479,494,509,524,539,539],"floor_reached":25,"playtime":2382,"items_purged":[],"score":281,"play_id":"848162af-b426-4622-91e7-002caef0abb3","local_time":"20181111060342","daily_mods":["Insanity","Diverse","DeadlyEvents"],"is_ascension_mode":false,"campfire_choices":[{"floor":7,"key":"REST"},{"floor":10,"key":"REST"},{"floor":15,"key":"REST"}],"neow_cost":"","seed_source_timestamp":0,"circlet_count":0,"master_deck":["Dagger Spray","Acrobatics","Auto Shields","Cloak And Dagger","Streamline","Iron Wave","Cleave","Battle Trance","Infinite Blades","Cloak And Dagger","Leap","Reflex","Blizzard","Cloak And Dagger","Entrench","Clothesline","Skim","Sever Soul","Compile Driver","Disarm","Sword Boomerang","Iron Wave","Evolve","Stack","Perfected Strike","FTL","Gash","Lockon","Chaos","Heavy Blade","Clash","Armaments","Reinforced Body","Intimidate","Deflect","Flechettes","Deflect","Hologram","Outmaneuver","Hemokinesis","Blood for Blood","Go for the Eyes","Thunderclap","Flex","Reckless Charge","Deadly Poison","Well Laid Plans","Finisher","Sucker Punch","Quick Slash","Go for the Eyes","Seeing Red","Enlightenment","Clothesline","Anger","Choke","Distraction","Slice","Wraith Form v2","Rip and Tear+1","Turbo","All For One+1","Accuracy","Dagger Throw+1","Setup+1","Quick Slash+1","Rip and Tear+1","Blade Dance+1"],"special_seed":17846,"relics":["Ring of the Snake","Bird Faced Urn","Molten Egg 2","Bronze Scales","Happy Flower","WristBlade"],"potions_floor_usage":[13,16,16,18,24,25,25],"damage_taken":[{"damage":2,"enemies":"Jaw Worm","floor":1,"turns":2},{"damage":0,"enemies":"Cultist","floor":2,"turns":3},{"damage":0,"enemies":"Small Slimes","floor":4,"turns":2},{"damage":3,"enemies":"Looter","floor":5,"turns":2},{"damage":22,"enemies":"Lagavulin","floor":6,"turns":6},{"damage":16,"enemies":"3 Louse","floor":8,"turns":4},{"damage":5,"enemies":"Red Slaver","floor":11,"turns":2},{"damage":12,"enemies":"3 Sentries","floor":12,"turns":7},{"damage":22,"enemies":"Lagavulin","floor":13,"turns":7},{"damage":4,"enemies":"Exordium Thugs","floor":14,"turns":3},{"damage":40,"enemies":"The Guardian","floor":16,"turns":7},{"damage":26,"enemies":"2 Thieves","floor":18,"turns":5},{"damage":3,"enemies":"Shell Parasite","floor":20,"turns":4},{"damage":15,"enemies":"Centurion and Healer","floor":21,"turns":5},{"damage":28,"enemies":"Shelled Parasite and Fungi","floor":22,"turns":4},{"damage":15,"enemies":"3 Cultists","floor":23,"turns":4},{"damage":0,"enemies":"Cultist and Chosen","floor":24,"turns":6},{"damage":17,"enemies":"Book of Stabbing","floor":25,"turns":3}],"seed_played":"4248358927187569089","potions_obtained":[{"floor":4,"key":"SpeedPotion"},{"floor":6,"key":"PowerPotion"},{"floor":11,"key":"FearPotion"},{"floor":13,"key":"PowerPotion"},{"floor":14,"key":"GamblersBrew"},{"floor":18,"key":"LiquidBronze"},{"floor":22,"key":"AttackPotion"},{"floor":23,"key":"SkillPotion"}],"is_trial":false,"path_per_floor":["M","M","?","M","M","E","R","M","T","R","M","E","E","M","R","B",null,"M","?","M","M","M","M","M","E"],"character_chosen":"THE_SILENT","items_purchased":[],"campfire_rested":3,"item_purchase_floors":[],"current_hp_per_floor":[68,68,68,68,65,43,64,48,48,69,64,56,38,36,57,19,70,46,46,51,42,16,5,11,0],"gold":539,"neow_bonus":"","is_prod":false,"is_daily":true,"chose_seed":false,"campfire_upgraded":0,"win_rate":0,"timestamp":1541934222,"path_taken":["M","M","?","?","M","E","R","?","T","R","M","?","E","M","R","BOSS","M","?","?","M","M","M","M","?"],"build_version":"2018-11-08","purchased_purges":0,"victory":false,"max_hp_per_floor":[70,70,70,70,70,70,70,70,70,70,70,70,70,70,70,70,70,70,70,70,70,70,70,70,70],"card_choices":[{"not_picked":["Fusion","Flex"],"picked":"Go for the Eyes","floor":1},{"not_picked":["Dodge and Roll","Predator"],"picked":"Seeing Red","floor":2},{"not_picked":["Bane","Body Slam"],"picked":"Anger","floor":4},{"not_picked":["Thunderclap","Hemokinesis"],"picked":"Choke","floor":5},{"not_picked":["Iron Wave","Ghostly Armor"],"picked":"Distraction","floor":6},{"not_picked":["Rebound","Redo"],"picked":"Slice","floor":8},{"not_picked":["Perfected Strike+1","White Noise"],"picked":"Wraith Form v2","floor":11},{"not_picked":["Streamline+1","Fission"],"picked":"Rip and Tear+1","floor":12},{"not_picked":["Armaments","Metallicize","Spot Weakness"],"picked":"SKIP","floor":13},{"not_picked":["Bane+1","Thunderclap+1"],"picked":"Turbo","floor":14},{"not_picked":["Limit Break","Reboot"],"picked":"All For One+1","floor":16},{"not_picked":["Rebound+1","Barrage+1"],"picked":"Accuracy","floor":18},{"not_picked":["Self Repair","Quick Slash+1"],"picked":"Dagger Throw+1","floor":20},{"not_picked":["Slice+1","Bloodletting"],"picked":"Setup+1","floor":21},{"not_picked":["Combust","Steam"],"picked":"Quick Slash+1","floor":22},{"not_picked":["Terror","Masterful Stab+1"],"picked":"Rip and Tear+1","floor":23},{"not_picked":["Blur","Headbutt+1"],"picked":"Blade Dance+1","floor":24}],"player_experience":64483,"relics_obtained":[{"floor":6,"key":"Bird Faced Urn"},{"floor":9,"key":"Molten Egg 2"},{"floor":12,"key":"Bronze Scales"},{"floor":13,"key":"Happy Flower"}],"event_choices":[{"damage_healed":0,"gold_gain":0,"player_choice":"2 cards matched","damage_taken":0,"max_hp_gain":0,"max_hp_loss":0,"event_name":"Match and Keep!","floor":3,"gold_loss":0,"cards_obtained":["Enlightenment","Clothesline"]},{"damage_healed":0,"gold_gain":100,"player_choice":"Pray","damage_taken":0,"max_hp_gain":0,"max_hp_loss":0,"event_name":"Golden Shrine","floor":19,"gold_loss":0}],"is_beta":false,"boss_relics":[{"not_picked":["Runic Pyramid","Lizard Tail"],"picked":"WristBlade"}],"items_purged_floors":[],"is_endless":false,"potions_floor_spawned":[4,6,11,13,14,18,22,23],"killed_by":"Book of Stabbing","ascension_level":0}