{"gold_per_floor":[116,128,128,53,64,64,93,93,93,39,54,54,69,96,96,196,196,211,211,225,225,78,78,98,124,124,124,455,455,474,507,507,608,608,627,627,643,258,274,274,19,19,42,71,71,106,79,79],"floor_reached":48,"playtime":5627,"items_purged":["Strike_B"],"score":637,"play_id":"0c3190b6-adbb-4c84-a9b8-7f01871dc17a","local_time":"20190111204914","is_ascension_mode":true,"campfire_choices":[{"data":"Go for the Eyes","floor":6.0,"key":"SMITH"},{"data":"Zap","floor":8.0,"key":"SMITH"},{"data":"Beam Cell","floor":15.0,"key":"SMITH"},{"data":"Glacier","floor":23.0,"key":"SMITH"},{"floor":27.0,"key":"REST"},{"floor":29,"key":"REST"},{"floor":32,"key":"REST"},{"floor":40,"key":"RECALL"},{"data":"Defragment","floor":42,"key":"SMITH"}],"neow_cost":"NONE","seed_source_timestamp":0,"circlet_count":0,"master_deck":["Defend_B","Defend_B","Defend_B","Defend_B","Zap+1","Electrodynamics","Sweeping Beam","Glacier+1","Self Repair","Go for the Eyes+1","Hologram","Rebound","Beam Cell+1","Ball Lightning","Echo Form","Echo Form+1","Heatsinks+1","Force Field+1","Leap","Loop","Cold Snap","Recycle+1","Defragment+1","Machine Learning","Capacitor","Conserve Battery"],"special_seed":0,"relics":["FrozenCore","Ornamental Fan","Ancient Tea Set","Pantograph","Torii","Astrolabe","Nilry\u0027s Codex","Mercury Hourglass","Ice Cream","Old Coin","Dream Catcher","Pen Nib","PreservedInsect","Mummified Hand","Omamori","Letter Opener"],"potions_floor_usage":[31,31],"damage_taken":[{"damage":0.0,"enemies":"Cultist","floor":1.0,"turns":3.0},{"damage":2.0,"enemies":"Jaw Worm","floor":2.0,"turns":3.0},{"damage":1.0,"enemies":"2 Louse","floor":5.0,"turns":2.0},{"damage":27.0,"enemies":"Gremlin Nob","floor":7.0,"turns":5.0},{"damage":1.0,"enemies":"Looter","floor":11.0,"turns":2.0},{"damage":1.0,"enemies":"2 Fungi Beasts","floor":13.0,"turns":3.0},{"damage":14.0,"enemies":"Lagavulin","floor":14.0,"turns":7.0},{"damage":23.0,"enemies":"The Guardian","floor":16.0,"turns":11.0},{"damage":12.0,"enemies":"Shell Parasite","floor":18.0,"turns":5.0},{"damage":12.0,"enemies":"3 Byrds","floor":20.0,"turns":4.0},{"damage":15.0,"enemies":"Centurion and Healer","floor":24.0,"turns":6.0},{"damage":30.0,"enemies":"Gremlin Leader","floor":25.0,"turns":7.0},{"damage":39,"enemies":"Slavers","floor":28,"turns":5},{"damage":0,"enemies":"3 Cultists","floor":30,"turns":3},{"damage":45,"enemies":"Book of Stabbing","floor":31,"turns":7},{"damage":14,"enemies":"Collector","floor":33,"turns":9},{"damage":3,"enemies":"3 Darklings","floor":35,"turns":6},{"damage":8,"enemies":"3 Shapes","floor":37,"turns":6},{"damage":21,"enemies":"3 Darklings","floor":39,"turns":5},{"damage":6,"enemies":"Giant Head","floor":44,"turns":5},{"damage":53,"enemies":"Reptomancer","floor":46,"turns":5},{"damage":37,"enemies":"Nemesis","floor":48,"turns":2}],"seed_played":"-4019388546556487802","potions_obtained":[{"floor":2.0,"key":"Block Potion"},{"floor":11.0,"key":"Weak Potion"},{"floor":13.0,"key":"SteroidPotion"},{"floor":16.0,"key":"Explosive Potion"},{"floor":24.0,"key":"LiquidBronze"},{"floor":28,"key":"Regen Potion"},{"floor":31,"key":"Poison Potion"},{"floor":37,"key":"FearPotion"},{"floor":39,"key":"Fire Potion"}],"is_trial":false,"path_per_floor":["M","M","T","$","M","R","E","R","T","$","M","?","M","E","R","B",null,"M","?","M","?","$","R","M","E","T","R","E","R","M","E","R","B",null,"M","?","M","$","M","R","$","R","T","E","$","E","$","E"],"character_chosen":"DEFECT","items_purchased":["Self Repair","Rebound","Loop","Capacitor","Pen Nib","PreservedInsect","Mummified Hand","Conserve Battery"],"campfire_rested":3,"item_purchase_floors":[4,10,22,38,38,38,41,47],"current_hp_per_floor":[75,73,73,73,72,72,52,52,52,52,58,51,57,50,50,59,75,75,59,61,47,47,47,46,30,30,54,15,39,46,23,47,72,80,80,80,80,80,73,73,73,73,73,80,80,34,34,0],"gold":79,"neow_bonus":"ONE_RANDOM_RARE_CARD","is_prod":false,"is_daily":false,"chose_seed":false,"campfire_upgraded":5,"win_rate":0,"timestamp":1547236154,"path_taken":["M","M","?","$","?","R","E","R","T","?","M","?","M","E","R","BOSS","M","?","M","?","$","R","M","E","T","R","E","R","M","E","R","BOSS","M","?","M","$","?","R","?","R","T","E","$","E","$","E"],"build_version":"2019-01-10","purchased_purges":1,"victory":false,"max_hp_per_floor":[75,75,75,75,75,75,75,75,75,75,75,75,75,75,75,75,75,75,75,75,80,80,80,80,80,80,80,80,80,80,80,80,80,80,80,80,80,80,80,80,80,80,80,80,80,80,80,80],"card_choices":[{"not_picked":["Reinforced Body","Chaos"],"picked":"Sweeping Beam","floor":1.0},{"not_picked":["Barrage","Leap"],"picked":"Glacier","floor":2.0},{"not_picked":["Hello World","Chaos"],"picked":"Go for the Eyes","floor":5.0},{"not_picked":["Melter","Electrodynamics"],"picked":"Hologram","floor":7.0},{"not_picked":["Heatsinks","Aggregate"],"picked":"Beam Cell","floor":11.0},{"not_picked":["Redo","Stack","Hologram"],"picked":"SKIP","floor":13.0},{"not_picked":["Sweeping Beam","Lockon"],"picked":"Ball Lightning","floor":14.0},{"not_picked":["Biased Cognition","All For One"],"picked":"Echo Form","floor":16.0},{"not_picked":["Coolheaded","Steam","Sweeping Beam"],"picked":"SKIP","floor":18.0},{"not_picked":["Coolheaded+1","Rebound"],"picked":"Leap","floor":20.0},{"not_picked":["Beam Cell","Hologram"],"picked":"Cold Snap","floor":24.0},{"not_picked":["Go for the Eyes","Leap"],"picked":"Recycle+1","floor":25.0},{"not_picked":["Rip and Tear+1","Electrodynamics","Undo"],"picked":"SKIP","floor":28},{"not_picked":["Scrape+1","Doom and Gloom"],"picked":"Defragment","floor":30},{"not_picked":["Coolheaded","Hologram+1","Melter"],"picked":"SKIP","floor":31},{"not_picked":["Rainbow","All For One"],"picked":"Machine Learning","floor":33},{"not_picked":["Recycle","Auto Shields+1","Steam+1"],"picked":"SKIP","floor":35},{"not_picked":["Steam","Ball Lightning+1","Double Energy+1"],"picked":"SKIP","floor":37},{"not_picked":["Redo","Rebound+1","Steam Power"],"picked":"SKIP","floor":39},{"not_picked":["BootSequence","Auto Shields+1","Go for the Eyes+1"],"picked":"SKIP","floor":44},{"not_picked":["Ball Lightning+1","Cold Snap","Heatsinks"],"picked":"SKIP","floor":46}],"player_experience":246775,"relics_obtained":[{"floor":3.0,"key":"Ornamental Fan"},{"floor":7.0,"key":"Ancient Tea Set"},{"floor":9.0,"key":"Pantograph"},{"floor":14.0,"key":"Torii"},{"floor":19.0,"key":"Nilry\u0027s Codex"},{"floor":25.0,"key":"Mercury Hourglass"},{"floor":26.0,"key":"Ice Cream"},{"floor":28,"key":"Old Coin"},{"floor":31,"key":"Dream Catcher"},{"floor":44,"key":"Omamori"},{"floor":46,"key":"Letter Opener"}],"event_choices":[{"cards_removed":["Strike_B"],"damage_healed":0.0,"max_hp_gain":0.0,"max_hp_loss":0.0,"gold_gain":0.0,"event_name":"Golden Wing","player_choice":"Card Removal","floor":12.0,"gold_loss":0.0,"damage_taken":7.0},{"damage_healed":0.0,"max_hp_gain":0.0,"max_hp_loss":0.0,"gold_gain":0.0,"event_name":"Cursed Tome","player_choice":"Obtained Book","floor":19.0,"gold_loss":0.0,"damage_taken":16.0},{"damage_healed":0.0,"max_hp_gain":5.0,"max_hp_loss":0.0,"gold_gain":0.0,"event_name":"Forgotten Altar","player_choice":"Shed Blood","floor":21.0,"gold_loss":0.0,"damage_taken":19.0},{"damage_healed":0,"gold_gain":0,"player_choice":"Ignored","damage_taken":0,"max_hp_gain":0,"max_hp_loss":0,"event_name":"SecretPortal","floor":36,"gold_loss":0}],"is_beta":false,"boss_relics":[{"not_picked":["Velvet Choker","Runic Dome"],"picked":"Astrolabe"},{"not_picked":["Black Star","Eternal Feather"],"picked":"FrozenCore"}],"items_purged_floors":[22],"is_endless":false,"potions_floor_spawned":[2,11,13,16,24,28,31,37,39],"killed_by":"Nemesis","ascension_level":3}