{"gold_per_floor":[111,111,130,130,61,61,92,92,92,92,110,121,121,18,18,118,118,132,57,84,104,104,104,26,26,26,26,37,37,53,70,70,166,166,176,193,193,46,60,60,80,29,75,75,92,92,107,107],"floor_reached":48,"playtime":1590,"items_purged":["Strike_G"],"score":660,"play_id":"ecb72fa1-50bf-4340-b793-cfdd17b6da93","local_time":"20190107165054","is_ascension_mode":true,"campfire_choices":[{"floor":6.0,"key":"REST"},{"data":"Backstab","floor":8.0,"key":"SMITH"},{"data":"Quick Slash","floor":10.0,"key":"SMITH"},{"data":"Bouncing Flask","floor":15.0,"key":"SMITH"},{"data":"Burst","floor":27.0,"key":"SMITH"},{"floor":29.0,"key":"REST"},{"floor":32.0,"key":"REST"},{"floor":40.0,"key":"REST"},{"floor":46.0,"key":"REST"}],"neow_cost":"NONE","seed_source_timestamp":242899038316871,"circlet_count":0,"master_deck":["Defend_G+1","Defend_G","Defend_G","Defend_G+1","Defend_G","Strike_G","Strike_G+1","Strike_G","Survivor+1","Neutralize+1","Backstab+1","Corpse Explosion","Bane","Cloak And Dagger","Bouncing Flask+1","Poisoned Stab+1","Accuracy+1","Burst+1","Blade Dance+1","After Image+1","Footwork+1","A Thousand Cuts+1","Deadly Poison","Blur+1","Deflect","Deflect+1","Distraction+1"],"special_seed":0,"relics":["Ring of the Serpent","Frozen Egg 2","Pocketwatch","Bag of Marbles","Mercury Hourglass","WristBlade","War Paint","Whetstone"],"potions_floor_usage":[],"damage_taken":[{"damage":2.0,"enemies":"Jaw Worm","floor":1.0,"turns":6.0},{"damage":0.0,"enemies":"Cultist","floor":3.0,"turns":4.0},{"damage":6.0,"enemies":"3 Sentries","floor":7.0,"turns":3.0},{"damage":0.0,"enemies":"Small Slimes","floor":11.0,"turns":2.0},{"damage":5.0,"enemies":"Exordium Wildlife","floor":12.0,"turns":3.0},{"damage":20.0,"enemies":"Hexaghost","floor":16.0,"turns":7.0},{"damage":0.0,"enemies":"Chosen","floor":18.0,"turns":4.0},{"damage":14.0,"enemies":"Spheric Guardian","floor":21.0,"turns":4.0},{"damage":24.0,"enemies":"Snake Plant","floor":28.0,"turns":3.0},{"damage":10.0,"enemies":"Sentry and Sphere","floor":30.0,"turns":4.0},{"damage":16.0,"enemies":"Shelled Parasite and Fungi","floor":31.0,"turns":7.0},{"damage":33.0,"enemies":"Automaton","floor":33.0,"turns":9.0},{"damage":0.0,"enemies":"3 Shapes","floor":35.0,"turns":3.0},{"damage":24.0,"enemies":"3 Darklings","floor":36.0,"turns":2.0},{"damage":25.0,"enemies":"Jaw Worm Horde","floor":39.0,"turns":2.0},{"damage":16.0,"enemies":"Spire Growth","floor":41.0,"turns":7.0},{"damage":11.0,"enemies":"Sphere and 2 Shapes","floor":45.0,"turns":6.0},{"damage":27,"enemies":"Transient","floor":47,"turns":5},{"damage":6,"enemies":"3 Darklings","floor":48,"turns":1}],"seed_played":"-2544940863466441278","potions_obtained":[{"floor":1.0,"key":"Energy Potion"},{"floor":12.0,"key":"Regen Potion"},{"floor":13.0,"key":"Strength Potion"},{"floor":18.0,"key":"Poison Potion"},{"floor":36.0,"key":"Dexterity Potion"}],"is_trial":false,"path_per_floor":["M","?","M","?","$","R","E","R","T","R","M","M","?","$","R","B",null,"M","$","T","M","?","?","$","$","T","R","M","R","M","M","R","B",null,"M","M","?","$","M","R","M","$","T","?","M","R","M","M"],"character_chosen":"THE_SILENT","items_purchased":["Corpse Explosion","Poisoned Stab","Accuracy+1","Footwork+1","War Paint","Deflect"],"campfire_rested":5,"item_purchase_floors":[5,14,14,24,38,42],"current_hp_per_floor":[61,47,47,47,47,68,62,62,62,62,62,57,57,57,57,37,62,62,62,62,48,70,70,70,70,70,70,46,67,57,41,62,29,60,60,36,36,36,11,32,16,16,16,21,10,31,4,0],"gold":107,"neow_bonus":"UPGRADE_CARD","is_prod":false,"is_daily":false,"chose_seed":false,"campfire_upgraded":4,"win_rate":0,"timestamp":1546897854,"path_taken":["M","?","M","?","$","R","E","R","T","R","M","?","?","$","R","BOSS","M","$","?","M","?","?","?","$","T","R","?","R","M","?","R","BOSS","M","M","?","$","M","R","M","?","T","?","?","R","M","M"],"build_version":"2019-01-03v4","purchased_purges":1,"victory":false,"max_hp_per_floor":[70,70,70,70,70,70,70,70,70,70,70,70,70,70,70,70,70,70,70,70,70,70,70,70,70,70,70,70,70,70,70,70,70,70,70,70,70,70,70,70,70,70,70,70,70,70,70,70],"card_choices":[{"not_picked":["All Out Attack","Underhanded Strike"],"picked":"Quick Slash","floor":1.0},{"not_picked":["Poisoned Stab","Deadly Poison"],"picked":"Backstab","floor":3.0},{"not_picked":["Blade Dance","Venomology"],"picked":"Bane","floor":7.0},{"not_picked":["PiercingWail","Flechettes"],"picked":"Cloak And Dagger","floor":11.0},{"not_picked":["Outmaneuver","Expertise"],"picked":"Bouncing Flask","floor":12.0},{"not_picked":["Bullet Time","Doppelganger"],"picked":"Burst","floor":16.0},{"not_picked":["Expertise","Cloak And Dagger"],"picked":"Blade Dance","floor":18.0},{"not_picked":["Dash","Dagger Spray+1"],"picked":"After Image+1","floor":21.0},{"not_picked":["Backflip","Deflect","Underhanded Strike"],"picked":"SKIP","floor":28.0},{"not_picked":["Backflip","Dodge and Roll","Dagger Spray"],"picked":"SKIP","floor":30.0},{"not_picked":["Backstab+1","Prepared","Storm of Steel"],"picked":"SKIP","floor":31.0},{"not_picked":["Grand Finale","Doppelganger"],"picked":"A Thousand Cuts+1","floor":33.0},{"not_picked":["Bane+1","Quick Slash"],"picked":"Deadly Poison","floor":35.0},{"not_picked":["Choke+1","Poisoned Stab+1"],"picked":"Blur+1","floor":36.0},{"not_picked":["Flying Knee+1","Slice+1","Masterful Stab"],"picked":"SKIP","floor":39.0},{"not_picked":["Prepared+1","Quick Slash","Choke+1"],"picked":"SKIP","floor":41.0},{"not_picked":["Concentrate+1","Grand Finale"],"picked":"Deflect+1","floor":45.0},{"not_picked":["Dagger Throw","Deflect+1"],"picked":"Distraction+1","floor":47}],"player_experience":514911,"relics_obtained":[{"floor":7.0,"key":"Frozen Egg 2"},{"floor":9.0,"key":"Pocketwatch"},{"floor":20.0,"key":"Bag of Marbles"},{"floor":26.0,"key":"Mercury Hourglass"},{"floor":43.0,"key":"Whetstone"}],"event_choices":[{"damage_healed":0.0,"max_hp_gain":0.0,"max_hp_loss":0.0,"gold_gain":0.0,"event_name":"Shining Light","player_choice":"Entered Light","floor":2.0,"gold_loss":0.0,"damage_taken":14.0,"cards_upgraded":["Defend_G","Survivor"]},{"cards_removed":["Strike_G"],"damage_healed":0.0,"max_hp_gain":0.0,"max_hp_loss":0.0,"gold_gain":0.0,"event_name":"Purifier","player_choice":"Purged","floor":4.0,"gold_loss":0.0,"damage_taken":0.0},{"damage_healed":0.0,"max_hp_gain":0.0,"max_hp_loss":0.0,"gold_gain":0.0,"event_name":"Lab","player_choice":"Got Potions","floor":13.0,"gold_loss":0.0,"damage_taken":0.0},{"damage_healed":23.0,"max_hp_gain":0.0,"max_hp_loss":0.0,"gold_gain":0.0,"event_name":"The Library","player_choice":"Heal","floor":22.0,"gold_loss":0.0,"damage_taken":0.0},{"damage_healed":0.0,"max_hp_gain":0.0,"max_hp_loss":0.0,"gold_gain":0.0,"event_name":"Ghosts","player_choice":"Ignored","floor":23.0,"gold_loss":0.0,"damage_taken":0.0},{"damage_healed":0.0,"max_hp_gain":0.0,"max_hp_loss":0.0,"gold_gain":0.0,"event_name":"SecretPortal","player_choice":"Ignored","floor":37.0,"gold_loss":0.0,"damage_taken":0.0},{"cards_removed":["Quick Slash"],"damage_healed":5.0,"max_hp_gain":0.0,"max_hp_loss":0.0,"gold_gain":0.0,"event_name":"Bonfire Elementals","player_choice":"Offered Common","floor":44.0,"gold_loss":0.0,"damage_taken":0.0},{"cards_removed":["Quick Slash"],"damage_healed":5.0,"max_hp_gain":0.0,"max_hp_loss":0.0,"gold_gain":0.0,"event_name":"Bonfire Elementals","player_choice":"Offered Special","floor":44.0,"gold_loss":0.0,"damage_taken":0.0}],"is_beta":true,"boss_relics":[{"not_picked":["HoveringKite","Cursed Key"],"picked":"Ring of the Serpent"},{"not_picked":["Busted Crown","Runic Dome"],"picked":"WristBlade"}],"items_purged_floors":[19],"is_endless":false,"potions_floor_spawned":[1,12,16,18,21,31,33,36,39,41,47],"killed_by":"3 Darklings","ascension_level":9}