{"gold_per_floor":[117,132,132,146,157,157,191,207,207,222,249,249,266,286,286,391,391,402,419,34,52,52,52,64,80,80,115,115,115,115,25,25,123,123,142,142,142,155,172,172,204,219,219,41,57,57,71,82,82,82],"floor_reached":51,"playtime":5167,"items_purged":["Strike_R","Strike_R"],"score":986,"play_id":"c76279e6-2844-4107-bd8b-505faeee3762","local_time":"20181016180138","is_ascension_mode":true,"campfire_choices":[{"floor":6.0,"key":"DIG"},{"floor":12.0,"key":"DIG"},{"floor":15.0,"key":"REST"},{"floor":23.0,"key":"DIG"},{"floor":28.0,"key":"DIG"},{"floor":30.0,"key":"DIG"},{"data":"Armaments","floor":32.0,"key":"SMITH"},{"floor":40,"key":"DIG"},{"floor":46,"key":"DIG"},{"data":"Uppercut","floor":49,"key":"SMITH"}],"neow_cost":"PERCENT_DAMAGE","seed_source_timestamp":0,"circlet_count":0,"master_deck":["Strike_R","Defend_R","Defend_R","Defend_R","Defend_R","Bash+1","Disarm","Flame Barrier","Headbutt","Infernal Blade","Whirlwind","Armaments+1","Offering","Warcry+1","Sword Boomerang+1","Second Wind","Offering","Pommel Strike","Shrug It Off+1","Uppercut+1","Impervious","Intimidate+1","Searing Blow+1","Infernal Blade","Spot Weakness","Twin Strike","Headbutt","Pommel Strike+1","Flame Barrier"],"special_seed":0,"relics":["Burning Blood","Shovel","Red Skull","Bag of Preparation","Ancient Tea Set","Lantern","Dodecahedron","Coffee Dripper","Pantograph","Self Forming Clay","Gambling Chip","Omamori","Vajra","The Courier","Sozu","PreservedInsect","Champion Belt","Shuriken","Bronze Scales"],"potions_floor_usage":[50],"damage_taken":[{"damage":1.0,"enemies":"Cultist","floor":1.0,"turns":3.0},{"damage":0.0,"enemies":"Small Slimes","floor":2.0,"turns":3.0},{"damage":0.0,"enemies":"2 Louse","floor":4.0,"turns":3.0},{"damage":26.0,"enemies":"Lots of Slimes","floor":5.0,"turns":5.0},{"damage":20.0,"enemies":"Gremlin Nob","floor":7.0,"turns":4.0},{"damage":2.0,"enemies":"Red Slaver","floor":8.0,"turns":2.0},{"damage":0.0,"enemies":"3 Louse","floor":10.0,"turns":1.0},{"damage":10.0,"enemies":"2 Fungi Beasts","floor":13.0,"turns":3.0},{"damage":10.0,"enemies":"Blue Slaver","floor":14.0,"turns":3.0},{"damage":35.0,"enemies":"The Guardian","floor":16.0,"turns":12.0},{"damage":6.0,"enemies":"Chosen","floor":18.0,"turns":4.0},{"damage":13.0,"enemies":"2 Thieves","floor":19.0,"turns":3.0},{"damage":6.0,"enemies":"Centurion and Healer","floor":21.0,"turns":6.0},{"damage":25.0,"enemies":"Snake Plant","floor":24.0,"turns":5.0},{"damage":6.0,"enemies":"3 Cultists","floor":25.0,"turns":3.0},{"damage":7.0,"enemies":"Book of Stabbing","floor":27.0,"turns":5.0},{"damage":68.0,"enemies":"Collector","floor":33.0,"turns":11.0},{"damage":13,"enemies":"3 Darklings","floor":35,"turns":5},{"damage":8,"enemies":"3 Shapes","floor":38,"turns":7},{"damage":13,"enemies":"Transient","floor":39,"turns":5},{"damage":12,"enemies":"Giant Head","floor":41,"turns":4},{"damage":12,"enemies":"Maw","floor":42,"turns":6},{"damage":10,"enemies":"4 Shapes","floor":45,"turns":6},{"damage":0,"enemies":"Spire Growth","floor":47,"turns":4},{"damage":6,"enemies":"Sphere and 2 Shapes","floor":48,"turns":4},{"damage":47,"enemies":"Awakened One","floor":50,"turns":7}],"seed_played":"8134566615082174080","potions_obtained":[{"floor":2.0,"key":"FearPotion"},{"floor":5.0,"key":"GamblersBrew"},{"floor":8.0,"key":"LiquidBronze"},{"floor":18.0,"key":"Explosive Potion"},{"floor":22.0,"key":"BloodPotion"},{"floor":22.0,"key":"Weak Potion"},{"floor":33,"key":"BloodPotion"}],"is_trial":false,"path_per_floor":["M","M","?","M","M","R","E","M","T","M","T","R","M","M","R","B",null,"M","M","$","M","?","R","M","M","T","E","R","?","R","?","R","B",null,"M","?","?","M","M","R","E","M","T","$","M","R","M","M","R","B"],"character_chosen":"IRONCLAD","items_purchased":["Pantograph","Second Wind","Spot Weakness","Twin Strike"],"campfire_rested":1,"item_purchase_floors":[20,20,44,44],"current_hp_per_floor":[56,62,62,68,48,48,34,38,38,44,44,44,40,36,60,31,68,68,61,61,61,61,61,42,42,42,41,41,41,41,41,41,12,63,56,56,76,74,67,67,61,55,55,55,51,51,57,57,57,47],"gold":82,"neow_bonus":"ONE_RARE_RELIC","is_prod":false,"is_daily":false,"chose_seed":false,"campfire_upgraded":2,"win_rate":0,"timestamp":1539727298,"path_taken":["M","M","?","M","?","R","E","M","T","M","?","R","M","?","R","BOSS","M","M","$","M","?","R","M","?","T","E","R","?","R","?","R","BOSS","BOSS","M","?","?","M","M","R","E","M","T","?","M","R","M","M","R","BOSS"],"build_version":"2018-10-11","purchased_purges":2,"victory":true,"max_hp_per_floor":[80,80,80,80,80,80,80,80,80,80,80,80,80,80,80,80,80,80,80,80,80,80,80,80,80,80,80,80,80,80,80,80,80,80,80,80,80,80,80,80,80,80,80,80,80,80,80,80,80,80],"card_choices":[{"not_picked":["Perfected Strike","Cleave"],"picked":"Disarm","floor":1.0},{"not_picked":["Shrug It Off","Sword Boomerang"],"picked":"Flame Barrier","floor":2.0},{"not_picked":["Iron Wave","Infernal Blade"],"picked":"Headbutt","floor":4.0},{"not_picked":["Clash","Havoc","Flex"],"picked":"SKIP","floor":5.0},{"not_picked":["Clash","Cleave"],"picked":"Infernal Blade","floor":7.0},{"not_picked":["Rupture","Feel No Pain"],"picked":"Whirlwind","floor":8.0},{"not_picked":["Clash","Thunderclap","Fire Breathing"],"picked":"SKIP","floor":10.0},{"not_picked":["Exhume","Warcry"],"picked":"Armaments","floor":13.0},{"not_picked":["Armaments","Twin Strike","Cleave"],"picked":"SKIP","floor":14.0},{"not_picked":["Barricade","Exhume"],"picked":"Offering","floor":16.0},{"not_picked":["Havoc+1","Twin Strike"],"picked":"Warcry+1","floor":18.0},{"not_picked":["Body Slam","Warcry+1"],"picked":"Sword Boomerang+1","floor":19.0},{"not_picked":["Flex","Sword Boomerang+1"],"picked":"Offering","floor":21.0},{"not_picked":["True Grit","Flame Barrier"],"picked":"Pommel Strike","floor":24.0},{"not_picked":["Clothesline","Battle Trance+1"],"picked":"Shrug It Off+1","floor":25.0},{"not_picked":["Headbutt","Pummel"],"picked":"Uppercut","floor":27.0},{"not_picked":["Limit Break","Bludgeon"],"picked":"Impervious","floor":33},{"not_picked":["Twin Strike+1","Intimidate","Sword Boomerang+1"],"picked":"SKIP","floor":35},{"not_picked":["Body Slam","Iron Wave","Pommel Strike"],"picked":"SKIP","floor":38},{"not_picked":["Iron Wave","Havoc"],"picked":"Intimidate+1","floor":39},{"not_picked":["Feel No Pain","Barricade"],"picked":"Searing Blow+1","floor":41},{"not_picked":["Sever Soul","Blood for Blood"],"picked":"Infernal Blade","floor":42},{"not_picked":["Clothesline","Blood for Blood"],"picked":"Headbutt","floor":45},{"not_picked":["Blood for Blood","Flex"],"picked":"Pommel Strike+1","floor":47},{"not_picked":["Thunderclap+1","Anger+1"],"picked":"Flame Barrier","floor":48}],"player_experience":602026,"relics_obtained":[{"floor":6.0,"key":"Red Skull"},{"floor":7.0,"key":"Bag of Preparation"},{"floor":9.0,"key":"Ancient Tea Set"},{"floor":11.0,"key":"Lantern"},{"floor":12.0,"key":"Dodecahedron"},{"floor":23.0,"key":"Self Forming Clay"},{"floor":26.0,"key":"Gambling Chip"},{"floor":27.0,"key":"Omamori"},{"floor":28.0,"key":"Vajra"},{"floor":30.0,"key":"The Courier"},{"floor":40,"key":"PreservedInsect"},{"floor":41,"key":"Champion Belt"},{"floor":43,"key":"Shuriken"},{"floor":46,"key":"Bronze Scales"}],"event_choices":[{"event_name":"Bonfire Elementals","player_choice":"BASIC","floor":3.0,"damage_taken":0.0},{"event_name":"The Lab","player_choice":"Got Potions","floor":22.0,"damage_taken":0.0},{"event_name":"Ghosts","player_choice":"Ignored","floor":29.0,"damage_taken":0.0},{"event_name":"Designer","player_choice":"Full Service","floor":31.0,"damage_taken":0.0},{"event_name":"Tomb of Lord Red Mask","player_choice":"Ignored","floor":36,"damage_taken":0},{"event_name":"Winding Halls","player_choice":"Writhe","floor":37,"damage_taken":0}],"is_beta":false,"boss_relics":[{"not_picked":["Calling Bell","Snecko Eye"],"picked":"Coffee Dripper"},{"not_picked":["Black Star","Tiny House"],"picked":"Sozu"}],"items_purged_floors":[20,44],"is_endless":false,"potions_floor_spawned":[2,5,8,16,18,33,41,45,47],"ascension_level":9}