{"gold_per_floor":[14,14,50,104,104,152,117,217,272,298,298,132,166,231,231,366,366,352,362,412,128,168,219,219,19,74,110,159,195,120,158,158,280,280,292,412,412,412,450,450,470,470,470,54,99,99,109,109,109,129,129,129,129,184,184],"floor_reached":56,"playtime":8130,"items_purged":["Strike_G","Defend_G","Strike_G"],"score":1258,"play_id":"dd105870-bd43-4de0-92bb-8d06163125e4","local_time":"20190123214056","is_ascension_mode":false,"campfire_choices":[{"floor":11.0,"key":"REST"},{"floor":15.0,"key":"REST"},{"floor":24.0,"key":"REST"},{"floor":32.0,"key":"REST"},{"floor":40.0,"key":"RECALL"},{"floor":46.0,"key":"REST"},{"floor":49.0,"key":"REST"},{"floor":52.0,"key":"REST"}],"neow_cost":"NO_GOLD","seed_source_timestamp":0,"circlet_count":0,"master_deck":["Defend_G","Defend_G+1","Defend_G","Defend_G+1","Strike_G","Survivor","Neutralize","HandOfGreed","Impatience","Dash","Well Laid Plans","Tools of the Trade","Sucker Punch","Escape Plan","Footwork","Bullet Time","Dagger Throw","Dagger Spray+1","Crippling Poison","Cloak And Dagger","Backstab","Escape Plan","Footwork","Backstab","Corpse Explosion+1","Expertise+1","Deadly Poison+1","A Thousand Cuts","Well Laid Plans","Catalyst+1","Jack Of All Trades+1","Enlightenment+1","Bandage Up+1","Deflect+1","Blur+1","Acrobatics+1","PiercingWail+1","Bouncing Flask+1","Tactician+1","Madness+1","Madness+1","Escape Plan+1","Cloak And Dagger+1","PiercingWail+1"],"special_seed":0,"relics":["Ring of the Snake","Omamori","Bronze Scales","Incense Burner","Sozu","Dream Catcher","Juzu Bracelet","Toxic Egg 2","Fusion Hammer","Turnip","Molten Egg 2","Torii","Blood Vial","Strawberry"],"potions_floor_usage":[55,55],"damage_taken":[{"damage":0.0,"enemies":"Cultist","floor":1.0,"turns":3.0},{"damage":0.0,"enemies":"2 Louse","floor":3.0,"turns":2.0},{"damage":0.0,"enemies":"Small Slimes","floor":4.0,"turns":3.0},{"damage":14.0,"enemies":"Gremlin Nob","floor":6.0,"turns":5.0},{"damage":23.0,"enemies":"Lagavulin","floor":10.0,"turns":8.0},{"damage":1.0,"enemies":"3 Louse","floor":13.0,"turns":4.0},{"damage":25.0,"enemies":"3 Sentries","floor":14.0,"turns":8.0},{"damage":19.0,"enemies":"Slime Boss","floor":16.0,"turns":14.0},{"damage":10.0,"enemies":"2 Thieves","floor":18.0,"turns":4.0},{"damage":8.0,"enemies":"3 Byrds","floor":19.0,"turns":2.0},{"damage":1.0,"enemies":"Centurion and Healer","floor":20.0,"turns":7.0},{"damage":3.0,"enemies":"Colosseum Slavers","floor":22.0,"turns":5.0},{"damage":16.0,"enemies":"Gremlin Leader","floor":23.0,"turns":8.0},{"damage":0.0,"enemies":"3 Cultists","floor":27.0,"turns":5.0},{"damage":0.0,"enemies":"Book of Stabbing","floor":28.0,"turns":5.0},{"damage":10.0,"enemies":"Snecko","floor":29.0,"turns":5.0},{"damage":12.0,"enemies":"Shelled Parasite and Fungi","floor":31.0,"turns":5.0},{"damage":8.0,"enemies":"Automaton","floor":33.0,"turns":9.0},{"damage":2.0,"enemies":"3 Darklings","floor":35.0,"turns":2.0},{"damage":0.0,"enemies":"Mind Bloom Boss Battle","floor":36.0,"turns":6.0},{"damage":0.0,"enemies":"Orb Walker","floor":39.0,"turns":2.0},{"damage":0.0,"enemies":"Writhing Mass","floor":41.0,"turns":5.0},{"damage":26.0,"enemies":"Nemesis","floor":45.0,"turns":7.0},{"damage":10.0,"enemies":"Spire Growth","floor":47.0,"turns":4.0},{"damage":11.0,"enemies":"Awakened One","floor":50.0,"turns":14.0},{"damage":24.0,"enemies":"Shield and Spear","floor":54.0,"turns":8.0},{"damage":49,"enemies":"The Heart","floor":55,"turns":13}],"seed_played":"-1740640413992880515","potions_obtained":[{"floor":4.0,"key":"Dexterity Potion"},{"floor":6.0,"key":"Energy Potion"},{"floor":10.0,"key":"Poison Potion"},{"floor":14.0,"key":"GhostInAJar"}],"is_trial":false,"path_per_floor":["M","?","M","M","?","E","?","?","T","E","R","$","M","E","R","B",null,"M","M","M","$","?","E","R","$","T","M","E","M","?","M","R","B",null,"M","?","?","?","M","R","M","?","T","$","E","R","M","?","R","B",null,"R","$","E","B",null],"character_chosen":"THE_SILENT","items_purchased":["Sucker Punch","Caltrops","Cloak And Dagger","Backstab","Escape Plan","Footwork","Torii","Acrobatics+1","PiercingWail+1"],"campfire_rested":7,"item_purchase_floors":[12,12,21,21,21,25,44,44,44],"current_hp_per_floor":[70,56,56,56,49,35,52,52,52,29,50,50,49,24,45,26,70,60,52,51,51,48,32,53,53,53,53,53,43,43,31,52,44,70,68,68,58,58,58,58,64,64,64,64,44,65,57,48,69,65,70,70,70,59,18],"gold":184,"neow_bonus":"RANDOM_COLORLESS_2","is_prod":false,"is_daily":false,"chose_seed":false,"campfire_upgraded":0,"win_rate":0,"timestamp":1548297656,"path_taken":["M","?","M","M","?","E","?","?","T","E","R","$","M","E","R","BOSS","M","M","?","$","?","E","R","$","T","M","E","M","?","M","R","BOSS","M","?","?","?","M","R","M","?","T","$","E","R","M","?","R","BOSS","R","$","E","BOSS"],"build_version":"2019-01-23","purchased_purges":3,"victory":true,"max_hp_per_floor":[70,70,70,70,70,70,70,70,70,70,70,70,70,70,70,70,70,70,70,70,70,70,70,70,70,70,70,70,70,70,70,70,70,70,70,70,70,70,70,70,70,70,70,70,70,70,70,70,70,70,70,70,70,77,77],"card_choices":[{"not_picked":["Blade Dance","Flying Knee"],"picked":"Dash","floor":1.0},{"not_picked":["Slice","Heel Hook"],"picked":"Well Laid Plans","floor":3.0},{"not_picked":["Deadly Poison","Outmaneuver","Quick Slash"],"picked":"SKIP","floor":4.0},{"not_picked":["Phantasmal Killer","Bane","Outmaneuver"],"picked":"SKIP","floor":6.0},{"not_picked":["Deadly Poison","Sucker Punch"],"picked":"Tools of the Trade","floor":10.0},{"not_picked":["Calculated Gamble","Expertise"],"picked":"Escape Plan","floor":13.0},{"not_picked":["Accuracy","Well Laid Plans"],"picked":"Footwork","floor":14.0},{"not_picked":["Tools of the Trade","Unload"],"picked":"Bullet Time","floor":16.0},{"not_picked":["Outmaneuver+1","Quick Slash"],"picked":"Dagger Throw","floor":18.0},{"not_picked":["Flying Knee","Outmaneuver"],"picked":"Dagger Spray+1","floor":19.0},{"not_picked":["Deflect","Poisoned Stab"],"picked":"Crippling Poison","floor":20.0},{"not_picked":["Dagger Spray","Accuracy","Blade Dance"],"picked":"SKIP","floor":23.0},{"not_picked":["Dagger Throw+1","Outmaneuver","Finisher"],"picked":"SKIP","floor":27.0},{"not_picked":["PiercingWail","Eviscerate"],"picked":"Backstab","floor":28.0},{"not_picked":["Dagger Throw","Endless Agony"],"picked":"Corpse Explosion+1","floor":29.0},{"not_picked":["Blade Dance+1","Tactician+1"],"picked":"Expertise+1","floor":31.0},{"not_picked":["Outmaneuver+1","Poisoned Stab+1"],"picked":"Deadly Poison+1","floor":32.0},{"not_picked":["Die Die Die","Unload"],"picked":"A Thousand Cuts","floor":33.0},{"not_picked":["Dagger Throw+1","Slice+1"],"picked":"Well Laid Plans","floor":35.0},{"not_picked":["Eviscerate+1","Concentrate+1"],"picked":"Catalyst+1","floor":36.0},{"not_picked":["Flash of Steel","Swift Strike"],"picked":"Jack Of All Trades+1","floor":37.0},{"not_picked":["Finesse+1","Impatience+1"],"picked":"Enlightenment+1","floor":37.0},{"not_picked":["Enlightenment+1","Impatience+1"],"picked":"Bandage Up+1","floor":37.0},{"not_picked":["Slice","Bane+1"],"picked":"Deflect+1","floor":39.0},{"not_picked":["Riddle With Holes","Bane"],"picked":"Blur+1","floor":41.0},{"not_picked":["Bane+1","Cloak And Dagger+1"],"picked":"Bouncing Flask+1","floor":45.0},{"not_picked":["Infinite Blades","Finisher+1"],"picked":"Tactician+1","floor":46.0},{"not_picked":["Expertise+1","Accuracy","PiercingWail+1"],"picked":"SKIP","floor":47.0},{"not_picked":["Flechettes+1","PiercingWail+1"],"picked":"Escape Plan+1","floor":49.0},{"not_picked":["All Out Attack+1","Quick Slash+1"],"picked":"Cloak And Dagger+1","floor":52.0},{"not_picked":["Escape Plan+1","Catalyst+1"],"picked":"PiercingWail+1","floor":54}],"player_experience":905408,"relics_obtained":[{"floor":6.0,"key":"Omamori"},{"floor":10.0,"key":"Bronze Scales"},{"floor":14.0,"key":"Incense Burner"},{"floor":23.0,"key":"Dream Catcher"},{"floor":26.0,"key":"Juzu Bracelet"},{"floor":28.0,"key":"Toxic Egg 2"},{"floor":36.0,"key":"Turnip"},{"floor":43.0,"key":"Molten Egg 2"},{"floor":45.0,"key":"Blood Vial"},{"floor":54,"key":"Strawberry"}],"event_choices":[{"damage_healed":0.0,"max_hp_gain":0.0,"max_hp_loss":0.0,"gold_gain":0.0,"event_name":"Shining Light","player_choice":"Entered Light","floor":2.0,"gold_loss":0.0,"damage_taken":14.0,"cards_upgraded":["Defend_G","Defend_G"]},{"cards_removed":["Strike_G"],"damage_healed":0.0,"max_hp_gain":0.0,"max_hp_loss":0.0,"gold_gain":0.0,"event_name":"Golden Wing","player_choice":"Card Removal","floor":5.0,"gold_loss":0.0,"damage_taken":7.0},{"damage_healed":17.0,"max_hp_gain":0.0,"max_hp_loss":0.0,"gold_gain":0.0,"event_name":"The Cleric","player_choice":"Healed","floor":7.0,"gold_loss":35.0,"damage_taken":0.0},{"damage_healed":0.0,"max_hp_gain":0.0,"max_hp_loss":0.0,"gold_gain":100.0,"event_name":"Wheel of Change","player_choice":"Gold","floor":8.0,"gold_loss":0.0,"damage_taken":0.0},{"damage_healed":0.0,"max_hp_gain":0.0,"max_hp_loss":0.0,"gold_gain":0.0,"event_name":"Colosseum","player_choice":"Fight","floor":22.0,"gold_loss":0.0,"damage_taken":0.0},{"damage_healed":0.0,"max_hp_gain":0.0,"max_hp_loss":0.0,"gold_gain":0.0,"event_name":"Colosseum","player_choice":"Fled From Nobs","floor":22.0,"gold_loss":0.0,"damage_taken":0.0},{"cards_removed":["Strike_G"],"damage_healed":0.0,"max_hp_gain":0.0,"max_hp_loss":0.0,"gold_gain":0.0,"event_name":"Beggar","player_choice":"Gave Gold","floor":30.0,"gold_loss":75.0,"damage_taken":0.0},{"damage_healed":0.0,"max_hp_gain":0.0,"max_hp_loss":0.0,"gold_gain":0.0,"event_name":"MindBloom","player_choice":"Fight","floor":36.0,"gold_loss":0.0,"damage_taken":0.0},{"damage_healed":0.0,"max_hp_gain":0.0,"max_hp_loss":0.0,"gold_gain":0.0,"event_name":"SensoryStone","player_choice":"Memory 3","floor":37.0,"gold_loss":0.0,"damage_taken":10.0},{"damage_healed":0.0,"max_hp_gain":0.0,"max_hp_loss":0.0,"gold_gain":0.0,"event_name":"Tomb of Lord Red Mask","player_choice":"Ignored","floor":38.0,"gold_loss":0.0,"damage_taken":0.0},{"cards_removed":["Caltrops"],"damage_healed":0.0,"max_hp_gain":0.0,"max_hp_loss":0.0,"gold_gain":0.0,"event_name":"Falling","player_choice":"Removed Power","floor":42.0,"gold_loss":0.0,"damage_taken":0.0},{"damage_healed":0.0,"max_hp_gain":0.0,"max_hp_loss":0.0,"gold_gain":0.0,"event_name":"Winding Halls","player_choice":"Embrace Madness","floor":48.0,"gold_loss":0.0,"damage_taken":9.0,"cards_obtained":["Madness","Madness"]}],"is_beta":false,"boss_relics":[{"not_picked":["Ectoplasm","Black Star"],"picked":"Sozu"},{"not_picked":["Lizard Tail","HoveringKite"],"picked":"Fusion Hammer"}],"items_purged_floors":[12,21,25],"is_endless":false,"potions_floor_spawned":[4,6,10,14,18,22,27,28,35,41,47],"ascension_level":0}