{"gold_per_floor":[111,123,123,123,298,332,332,344,344,371,371,381,381,396,396,473,473,486,499,514,514,532,532],"floor_reached":23,"playtime":1033,"items_purged":[],"score":388,"play_id":"7d82f5df-0b70-4d43-85e0-2898b0a57051","local_time":"20190212212501","is_ascension_mode":true,"campfire_choices":[{"data":"Zap","floor":7,"key":"SMITH"},{"floor":13,"key":"REST"},{"data":"White Noise","floor":15,"key":"SMITH"}],"neow_cost":"NONE","seed_source_timestamp":1303999828663458,"circlet_count":0,"master_deck":["AscendersBane","Strike_B","Strike_B","Defend_B","Defend_B","Defend_B","Zap+1","Dualcast","Leap","FTL","Doubt","Hologram","Consume","Defragment","Amplify","White Noise+1","Rainbow","Beam Cell+1","Consume+1","Recycle+1","Glacier","Sweeping Beam","Darkness","Cold Snap"],"relics":["Cracked Core","NeowsBlessing","Incense Burner","Bottled Flame","Bag of Marbles","Nunchaku","Astrolabe"],"potions_floor_usage":[20,22,23],"damage_taken":[{"damage":0,"enemies":"Cultist","floor":1,"turns":1},{"damage":0,"enemies":"Small Slimes","floor":2,"turns":1},{"damage":0,"enemies":"Lagavulin","floor":6,"turns":1},{"damage":3,"enemies":"Jaw Worm","floor":8,"turns":3},{"damage":22,"enemies":"Gremlin Nob","floor":10,"turns":5},{"damage":20,"enemies":"Lots of Slimes","floor":12,"turns":4},{"damage":3,"enemies":"Looter","floor":14,"turns":3},{"damage":17,"enemies":"Slime Boss","floor":16,"turns":9},{"damage":2,"enemies":"Spheric Guardian","floor":18,"turns":3},{"damage":1,"enemies":"Chosen","floor":19,"turns":4},{"damage":32,"enemies":"Snake Plant","floor":20,"turns":4},{"damage":30,"enemies":"3 Cultists","floor":22,"turns":7},{"damage":16,"enemies":"Book of Stabbing","floor":23,"turns":4}],"seed_played":"-1314473747399285543","potions_obtained":[{"floor":6,"key":"EssenceOfSteel"},{"floor":12,"key":"Weak Potion"},{"floor":18,"key":"Regen Potion"},{"floor":22,"key":"Swift Potion"}],"is_trial":false,"path_per_floor":["M","M","?","$","?","E","R","M","T","E","T","M","R","M","R","B",null,"M","M","M","?","M","E"],"character_chosen":"DEFECT","items_purchased":[],"campfire_rested":1,"item_purchase_floors":[],"current_hp_per_floor":[64,64,69,69,69,69,69,66,66,44,44,24,46,43,43,26,64,62,61,41,41,11,0],"gold":532,"neow_bonus":"THREE_ENEMY_KILL","is_prod":false,"is_daily":false,"chose_seed":false,"campfire_upgraded":2,"win_rate":0,"timestamp":1550028301,"path_taken":["M","M","?","$","?","E","R","M","T","E","?","M","R","M","R","BOSS","M","M","?","?","M","E"],"build_version":"2019-01-23","purchased_purges":0,"victory":false,"max_hp_per_floor":[71,71,76,76,76,76,76,76,76,76,76,76,76,76,76,76,76,76,76,76,76,76,76],"card_choices":[{"not_picked":["Conserve Battery","Sweeping Beam"],"picked":"Leap","floor":1},{"not_picked":["Hello World","Scrape"],"picked":"FTL","floor":2},{"not_picked":["Tempest","Stack"],"picked":"Hologram","floor":6},{"not_picked":["Sweeping Beam","Aggregate"],"picked":"Consume","floor":8},{"not_picked":["Rip and Tear","Barrage"],"picked":"Defragment","floor":10},{"not_picked":["Blizzard","Gash"],"picked":"Amplify","floor":12},{"not_picked":["Doom and Gloom","Darkness"],"picked":"White Noise","floor":14},{"not_picked":["Reboot","Thunder Strike"],"picked":"Rainbow","floor":16},{"not_picked":["Chaos+1","Stack"],"picked":"Glacier","floor":18},{"not_picked":["Tempest","Skim+1"],"picked":"Sweeping Beam","floor":19},{"not_picked":["Conserve Battery","Coolheaded"],"picked":"Darkness","floor":20},{"not_picked":["Turbo","Steam Power"],"picked":"Cold Snap","floor":22}],"player_experience":559545,"relics_obtained":[{"floor":6,"key":"Incense Burner"},{"floor":9,"key":"Bottled Flame"},{"floor":10,"key":"Bag of Marbles"},{"floor":11,"key":"Nunchaku"}],"event_choices":[{"damage_healed":0,"gold_gain":0,"player_choice":"Donut","damage_taken":0,"max_hp_gain":5,"max_hp_loss":0,"event_name":"Big Fish","floor":3,"gold_loss":0},{"damage_healed":0,"gold_gain":175,"player_choice":"AGREE","damage_taken":0,"max_hp_gain":0,"max_hp_loss":0,"event_name":"Liars Game","floor":5,"gold_loss":0,"cards_obtained":["Doubt"]},{"damage_healed":0,"gold_gain":0,"player_choice":"Ignored","damage_taken":0,"max_hp_gain":0,"max_hp_loss":0,"event_name":"Vampires","floor":21,"gold_loss":0}],"is_beta":false,"boss_relics":[{"not_picked":["FrozenCore","Lizard Tail"],"picked":"Astrolabe"}],"items_purged_floors":[],"is_endless":false,"potions_floor_spawned":[6,12,18,19,22],"killed_by":"Book of Stabbing","ascension_level":14}