{"gold_per_floor":[116,133,63,63,74,74,108,108,155,166,166,194,210,231,231,327,327,346,346,261,66,84,84,109,309,381,411,411,411,439,439,439,439],"floor_reached":33,"playtime":1557,"items_purged":[],"score":371,"play_id":"2082682f-c893-4f2b-8897-3d55a9935fec","local_time":"20190122222617","is_ascension_mode":true,"campfire_choices":[{"data":"Bash","floor":6,"key":"SMITH"},{"data":"Immolate","floor":11,"key":"SMITH"},{"data":"Intimidate","floor":15,"key":"SMITH"},{"data":"Disarm","floor":23,"key":"SMITH"},{"floor":32,"key":"REST"}],"neow_cost":"CURSE","seed_source_timestamp":443199466464381,"circlet_count":0,"master_deck":["Strike_R+1","Strike_R","Strike_R","Strike_R+1","Strike_R","Defend_R","Defend_R","Defend_R","Defend_R","Bash+1","Injury","Immolate+1","Clothesline","Disarm+1","Intimidate+1","Shrug It Off+1","Headbutt","True Grit+1","True Grit+1","Warcry+1","Seeing Red+1"],"relics":["Burning Blood","Toxic Egg 2","Question Card","Whetstone","Singing Bowl","Odd Mushroom","Busted Crown","Regal Pillow","Pen Nib","Bronze Scales","Shuriken","Juzu Bracelet","Nilry\u0027s Codex","Ancient Tea Set"],"potions_floor_usage":[14,14,14,16,27,33],"damage_taken":[{"damage":7,"enemies":"Jaw Worm","floor":1,"turns":3},{"damage":0,"enemies":"Cultist","floor":2,"turns":3},{"damage":9,"enemies":"2 Louse","floor":5,"turns":3},{"damage":17,"enemies":"3 Sentries","floor":7,"turns":6},{"damage":4,"enemies":"2 Fungi Beasts","floor":10,"turns":3},{"damage":15,"enemies":"Lagavulin","floor":12,"turns":5},{"damage":9,"enemies":"Exordium Thugs","floor":13,"turns":4},{"damage":0,"enemies":"The Mushroom Lair","floor":14,"turns":4},{"damage":68,"enemies":"Slime Boss","floor":16,"turns":13},{"damage":12,"enemies":"3 Byrds","floor":18,"turns":6},{"damage":19,"enemies":"Spheric Guardian","floor":22,"turns":4},{"damage":8,"enemies":"Gremlin Leader","floor":24,"turns":6},{"damage":15,"enemies":"Slavers","floor":27,"turns":3},{"damage":22,"enemies":"Book of Stabbing","floor":30,"turns":7},{"damage":81,"enemies":"Champ","floor":33,"turns":12}],"seed_played":"8338028935001353480","potions_obtained":[{"floor":2,"key":"EssenceOfSteel"},{"floor":4,"key":"BloodPotion"},{"floor":4,"key":"EntropicBrew"},{"floor":10,"key":"PowerPotion"},{"floor":22,"key":"SmokeBomb"},{"floor":27,"key":"GamblersBrew"}],"is_trial":false,"path_per_floor":["M","M","$","?","M","R","E","T","T","M","R","E","M","?","R","B",null,"M","?","?","$","M","R","E","?","T","E","?","?","E","?","R","B"],"character_chosen":"IRONCLAD","items_purchased":["Intimidate","Pen Nib","Fire Potion"],"campfire_rested":1,"item_purchase_floors":[3,21,21],"current_hp_per_floor":[79,80,80,80,77,77,66,66,66,68,68,61,58,74,74,14,86,80,80,80,80,67,67,67,67,67,60,44,44,30,30,72,0],"gold":439,"neow_bonus":"THREE_RARE_CARDS","is_prod":false,"is_daily":false,"chose_seed":false,"campfire_upgraded":4,"win_rate":0,"timestamp":1548224777,"path_taken":["M","M","$","?","?","R","E","?","T","?","R","E","M","?","R","BOSS","M","?","?","$","M","R","E","?","T","E","?","?","E","?","R","BOSS"],"build_version":"2019-01-17v2","purchased_purges":0,"victory":false,"max_hp_per_floor":[80,80,80,80,80,80,80,80,80,80,80,82,82,84,84,86,86,86,86,86,86,86,86,88,88,88,90,90,90,92,92,92,92],"card_choices":[{"not_picked":["Exhume","Feed"],"picked":"Immolate","floor":0},{"not_picked":["Havoc","Warcry"],"picked":"Clothesline","floor":1},{"not_picked":["Body Slam","Wild Strike"],"picked":"Disarm","floor":2},{"not_picked":["Rampage","Entrench","Pommel Strike"],"picked":"SKIP","floor":5},{"not_picked":["Wild Strike","Juggernaut"],"picked":"Shrug It Off","floor":7},{"not_picked":["Flex+1","Thunderclap","Spot Weakness+1"],"picked":"Headbutt","floor":10},{"not_picked":["Perfected Strike","Twin Strike","Sword Boomerang","True Grit+1"],"picked":"Singing Bowl","floor":12},{"not_picked":["Sentinel+1","Combust","Iron Wave"],"picked":"True Grit+1","floor":13},{"not_picked":["Flex+1","Brutality","Perfected Strike","Anger"],"picked":"Singing Bowl","floor":14},{"not_picked":["Berserk","Dark Embrace","Limit Break+1","Bludgeon"],"picked":"Singing Bowl","floor":16},{"not_picked":["Wild Strike+1"],"picked":"True Grit+1","floor":18},{"not_picked":["Cleave"],"picked":"Seeing Red+1","floor":22},{"not_picked":["Cleave","Bloodletting+1"],"picked":"Singing Bowl","floor":24},{"not_picked":["Anger","True Grit+1"],"picked":"Singing Bowl","floor":27},{"not_picked":["Combust","Twin Strike+1"],"picked":"Singing Bowl","floor":30}],"player_experience":247280,"relics_obtained":[{"floor":7,"key":"Toxic Egg 2"},{"floor":8,"key":"Question Card"},{"floor":9,"key":"Whetstone"},{"floor":12,"key":"Singing Bowl"},{"floor":14,"key":"Odd Mushroom"},{"floor":24,"key":"Bronze Scales"},{"floor":26,"key":"Shuriken"},{"floor":27,"key":"Juzu Bracelet"},{"floor":28,"key":"Nilry\u0027s Codex"},{"floor":30,"key":"Ancient Tea Set"}],"event_choices":[{"damage_healed":0,"gold_gain":0,"player_choice":"Got Potions","damage_taken":0,"max_hp_gain":0,"max_hp_loss":0,"event_name":"Lab","floor":4,"gold_loss":0},{"damage_healed":0,"gold_gain":0,"player_choice":"Fought Mushrooms","damage_taken":0,"max_hp_gain":0,"max_hp_loss":0,"event_name":"Mushrooms","floor":14,"gold_loss":0},{"damage_healed":0,"gold_gain":0,"player_choice":"Read","damage_taken":0,"max_hp_gain":0,"max_hp_loss":0,"event_name":"The Library","floor":19,"gold_loss":0,"cards_obtained":["Warcry"]},{"damage_healed":0,"gold_gain":0,"player_choice":"Obtained Relic","damage_taken":0,"relics_obtained":["Regal Pillow"],"max_hp_gain":0,"max_hp_loss":0,"event_name":"Addict","floor":20,"gold_loss":85},{"damage_healed":0,"gold_gain":250,"player_choice":"Bet on Owner","damage_taken":0,"max_hp_gain":0,"max_hp_loss":0,"event_name":"The Joust","floor":25,"gold_loss":50},{"damage_healed":0,"gold_gain":0,"player_choice":"Obtained Book","damage_taken":16,"max_hp_gain":0,"max_hp_loss":0,"event_name":"Cursed Tome","floor":28,"gold_loss":0},{"damage_healed":0,"gold_gain":0,"player_choice":"Ignored","damage_taken":0,"max_hp_gain":0,"max_hp_loss":0,"event_name":"Ghosts","floor":29,"gold_loss":0},{"damage_healed":0,"gold_gain":0,"player_choice":"Ignored","damage_taken":0,"max_hp_gain":0,"max_hp_loss":0,"event_name":"The Mausoleum","floor":31,"gold_loss":0}],"is_beta":false,"boss_relics":[{"not_picked":["Philosopher\u0027s Stone","Ectoplasm"],"picked":"Busted Crown"}],"items_purged_floors":[],"is_endless":false,"potions_floor_spawned":[2,10,12,13,22,27],"killed_by":"Champ","ascension_level":4}