{"gold_per_floor":[109,121,23,33,44,75,75,75,123,123,135,150,150,175,175,280,280,295,319,229,247,257,291,309,341,341,341,355,355,386,486,486,586,586,604,349,374,374,374,374,385,180,180,205,205,205],"floor_reached":46,"playtime":2898,"items_purged":["Strike_B","Strike_B","Strike_B"],"score":618,"play_id":"f08921b4-466d-4e6b-8d95-dc83a6633d9d","local_time":"20190211152337","is_ascension_mode":true,"campfire_choices":[{"data":"Zap","floor":10,"key":"SMITH"},{"data":"Barrage","floor":13,"key":"SMITH"},{"data":"Hologram","floor":15,"key":"SMITH"},{"floor":27,"key":"RECALL"},{"floor":29,"key":"REST"},{"floor":32,"key":"REST"},{"data":"Thunder Strike","floor":40,"key":"SMITH"},{"data":"Capacitor","floor":45,"key":"SMITH"}],"neow_cost":"NONE","seed_source_timestamp":219440031188532,"circlet_count":0,"master_deck":["Defend_B","Defend_B","Defend_B","Defend_B","Zap+1","Dualcast","Sunder+1","Ball Lightning","Conserve Battery","Sweeping Beam","BootSequence","Auto Shields+1","Barrage+1","Hologram+1","Electrodynamics","Thunder Strike+1","Ball Lightning+1","Stack+1","Lockon","Machine Learning","Ball Lightning","Buffer","Static Discharge","Ball Lightning+1","Capacitor+1","Loop","Leap"],"special_seed":0,"relics":["Cracked Core","Cables","Dream Catcher","Orichalcum","Velvet Choker","Omamori","Pen Nib","Incense Burner","Prayer Wheel","Nuclear Battery","PreservedInsect","Art of War","Matryoshka","CultistMask","Question Card","Bottled Lightning","Bottled Tornado"],"potions_floor_usage":[23,41,46],"damage_taken":[{"damage":7.0,"enemies":"Jaw Worm","floor":1.0,"turns":3.0},{"damage":0.0,"enemies":"2 Louse","floor":2.0,"turns":1.0},{"damage":0.0,"enemies":"Cultist","floor":4.0,"turns":3.0},{"damage":7.0,"enemies":"2 Fungi Beasts","floor":5.0,"turns":2.0},{"damage":13.0,"enemies":"3 Sentries","floor":6.0,"turns":5.0},{"damage":0,"enemies":"Gremlin Gang","floor":11,"turns":3},{"damage":0,"enemies":"Blue Slaver","floor":12,"turns":2},{"damage":8,"enemies":"Gremlin Nob","floor":14,"turns":3},{"damage":1,"enemies":"Slime Boss","floor":16,"turns":5},{"damage":7,"enemies":"Shell Parasite","floor":18,"turns":4},{"damage":0,"enemies":"3 Byrds","floor":21,"turns":2},{"damage":12,"enemies":"3 Cultists","floor":22,"turns":3},{"damage":28,"enemies":"Book of Stabbing","floor":23,"turns":5},{"damage":9,"enemies":"Snake Plant","floor":24,"turns":3},{"damage":19,"enemies":"Slavers","floor":25,"turns":2},{"damage":0,"enemies":"Chosen and Byrds","floor":28,"turns":4},{"damage":18,"enemies":"Gremlin Leader","floor":30,"turns":5},{"damage":52,"enemies":"Collector","floor":33,"turns":9},{"damage":0,"enemies":"Orb Walker","floor":35,"turns":2},{"damage":9,"enemies":"3 Shapes","floor":41,"turns":3},{"damage":20,"enemies":"Reptomancer","floor":44,"turns":4},{"damage":89,"enemies":"Giant Head","floor":46,"turns":6}],"seed_played":"-8081228113306741506","potions_obtained":[{"floor":4.0,"key":"Energy Potion"},{"floor":11,"key":"Fire Potion"},{"floor":16,"key":"FearPotion"},{"floor":18,"key":"Regen Potion"},{"floor":23,"key":"Energy Potion"},{"floor":25,"key":"Block Potion"},{"floor":41,"key":"Fire Potion"}],"is_trial":false,"path_per_floor":["M","M","$","M","M","E","?","?","T","R","M","M","R","E","R","B",null,"M","T","?","M","M","E","M","E","T","R","M","R","E","?","R","B",null,"M","$","T","T","?","R","M","$","T","E","R","E"],"character_chosen":"DEFECT","items_purchased":["Conserve Battery","PreservedInsect","Loop","Leap"],"campfire_rested":2,"item_purchase_floors":[3,36,42,42],"current_hp_per_floor":[75,75,75,75,68,55,60,60,60,60,60,60,60,52,52,51,87,80,80,80,80,68,54,45,26,26,26,26,52,34,34,60,8,87,87,87,87,87,87,87,78,78,78,58,58,0],"gold":205,"neow_bonus":"TEN_PERCENT_HP_BONUS","is_prod":false,"is_daily":false,"chose_seed":false,"campfire_upgraded":5,"win_rate":0,"timestamp":1549895017,"path_taken":["M","M","$","M","M","E","?","?","T","R","M","M","R","E","R","BOSS","M","?","?","M","?","E","M","E","T","R","M","R","E","?","R","BOSS","M","$","?","?","?","R","?","$","T","E","R","E"],"build_version":"2019-01-23","purchased_purges":3,"victory":false,"max_hp_per_floor":[82,82,82,82,82,82,87,87,87,87,87,87,87,87,87,87,87,87,87,87,87,87,87,87,87,87,87,87,87,87,87,87,87,87,87,87,87,87,87,87,87,87,87,87,87,87],"card_choices":[{"not_picked":["Coolheaded","Compile Driver"],"picked":"Sunder","floor":1.0},{"not_picked":["Gash","Tempest"],"picked":"Ball Lightning","floor":2.0},{"not_picked":["Darkness","Consume"],"picked":"Sweeping Beam","floor":4.0},{"not_picked":["Reprogram","Redo"],"picked":"BootSequence","floor":5.0},{"not_picked":["Turbo","Redo"],"picked":"Auto Shields","floor":6.0},{"not_picked":["Undo","Genetic Algorithm"],"picked":"Barrage","floor":11},{"not_picked":["Beam Cell","Heatsinks"],"picked":"Hologram","floor":12},{"not_picked":["Leap","Melter"],"picked":"Electrodynamics","floor":14},{"not_picked":["Biased Cognition","Buffer"],"picked":"Thunder Strike","floor":16},{"not_picked":["Hologram+1","Darkness"],"picked":"Ball Lightning+1","floor":18},{"not_picked":["Lockon","Scrape+1","Hologram"],"picked":"SKIP","floor":21},{"not_picked":["Steam","Gash+1","Sweeping Beam"],"picked":"SKIP","floor":22},{"not_picked":["Beam Cell","Streamline"],"picked":"Stack+1","floor":23},{"not_picked":["Go for the Eyes","Conserve Battery+1","Beam Cell"],"picked":"SKIP","floor":24},{"not_picked":["Auto Shields+1","Rebound","BootSequence"],"picked":"SKIP","floor":25},{"not_picked":["Chaos","Doom and Gloom","Gash"],"picked":"SKIP","floor":28},{"not_picked":["Steam","Heatsinks+1"],"picked":"Lockon","floor":29},{"not_picked":["Beam Cell+1","Melter+1"],"picked":"Machine Learning","floor":30},{"not_picked":["Gash","Heatsinks"],"picked":"Ball Lightning","floor":32},{"not_picked":["Electrodynamics","Fission"],"picked":"Buffer","floor":33},{"not_picked":["Gash+1","Cold Snap"],"picked":"Static Discharge","floor":35},{"not_picked":["Blizzard+1","Sweeping Beam"],"picked":"Ball Lightning+1","floor":35},{"not_picked":["Compile Driver","Auto Shields+1"],"picked":"Capacitor","floor":41},{"not_picked":["Steam","Sweeping Beam","Machine Learning"],"picked":"SKIP","floor":41},{"not_picked":["Fusion","Beam Cell+1","Turbo+1","Streamline"],"picked":"SKIP","floor":44}],"player_experience":336892,"relics_obtained":[{"floor":6.0,"key":"Cables"},{"floor":9,"key":"Dream Catcher"},{"floor":14,"key":"Orichalcum"},{"floor":19,"key":"Omamori"},{"floor":23,"key":"Pen Nib"},{"floor":25,"key":"Incense Burner"},{"floor":30,"key":"Prayer Wheel"},{"floor":37,"key":"Art of War"},{"floor":38,"key":"Matryoshka"},{"floor":43,"key":"Question Card"},{"floor":43,"key":"Bottled Lightning"},{"floor":44,"key":"Bottled Tornado"}],"event_choices":[{"damage_healed":0,"gold_gain":0,"player_choice":"Donut","damage_taken":0,"max_hp_gain":5,"max_hp_loss":0,"event_name":"Big Fish","floor":7,"gold_loss":0},{"damage_healed":0,"gold_gain":0,"player_choice":"Upgraded","damage_taken":0,"max_hp_gain":0,"max_hp_loss":0,"event_name":"Upgrade Shrine","floor":8,"gold_loss":0,"cards_upgraded":["Sunder"]},{"cards_removed":["Strike_B"],"damage_healed":0,"gold_gain":0,"player_choice":"Upgrade and Remove","damage_taken":0,"max_hp_gain":0,"max_hp_loss":0,"event_name":"Designer","floor":20,"gold_loss":90,"cards_upgraded":["Auto Shields"]},{"damage_healed":0,"gold_gain":100,"player_choice":"Pray","damage_taken":0,"max_hp_gain":0,"max_hp_loss":0,"event_name":"Golden Shrine","floor":31,"gold_loss":0},{"damage_healed":0,"gold_gain":0,"player_choice":"Trade","damage_taken":0,"relics_obtained":["CultistMask"],"max_hp_gain":0,"max_hp_loss":0,"event_name":"FaceTrader","floor":39,"gold_loss":0}],"is_beta":false,"boss_relics":[{"not_picked":["Coffee Dripper","Ectoplasm"],"picked":"Velvet Choker"},{"not_picked":["Pandora\u0027s Box","Astrolabe"],"picked":"Nuclear Battery"}],"items_purged_floors":[3,36,42],"is_endless":false,"potions_floor_spawned":[4,11,16,18,22,23,25,30,33,41],"killed_by":"Giant Head","ascension_level":3}