{"gold_per_floor":[112,39,14,14,24,49,49,59,59,89,89,89,104,119,119,221,221,235,235,160,160,173,173,208,208,208,228,228,79,112,129,129,129],"floor_reached":33,"playtime":1246,"items_purged":["Strike_B"],"score":559,"play_id":"1d1b162d-39f5-487a-9a31-b425e84634eb","local_time":"20190211220910","is_ascension_mode":true,"campfire_choices":[{"data":"Zap","floor":7,"key":"SMITH"},{"data":"Hologram","floor":12,"key":"SMITH"},{"data":"Cold Snap","floor":15,"key":"SMITH"},{"data":"Seek","floor":23,"key":"SMITH"},{"floor":25,"key":"REST"},{"floor":28,"key":"REST"},{"floor":32,"key":"REST"}],"neow_cost":"NONE","seed_source_timestamp":357334285615200,"circlet_count":0,"master_deck":["AscendersBane","Strike_B","Strike_B","Defend_B","Defend_B","Defend_B","Defend_B","Zap+1","Dualcast","Barrage","Ball Lightning","Hologram+1","Coolheaded","Ball Lightning","Ball Lightning+1","Cold Snap+1","Conserve Battery","Leap","Coolheaded","Seek+1","Blizzard+1","RitualDagger+1","Ball Lightning","Steam","Conserve Battery","Ball Lightning","Electrodynamics"],"relics":["Cracked Core","NeowsBlessing","Art of War","Oddly Smooth Stone","Mango","Calipers","Inserter","Bottled Lightning","Symbiotic Virus","Whetstone"],"potions_floor_usage":[10,16,16,24,24],"damage_taken":[{"damage":0,"enemies":"Cultist","floor":1,"turns":1},{"damage":0,"enemies":"2 Louse","floor":5,"turns":1},{"damage":0,"enemies":"Gremlin Nob","floor":6,"turns":1},{"damage":0,"enemies":"Jaw Worm","floor":8,"turns":3},{"damage":16,"enemies":"Lagavulin","floor":10,"turns":4},{"damage":16,"enemies":"Exordium Wildlife","floor":13,"turns":4},{"damage":10,"enemies":"2 Fungi Beasts","floor":14,"turns":3},{"damage":6,"enemies":"Hexaghost","floor":16,"turns":9},{"damage":24,"enemies":"2 Thieves","floor":18,"turns":4},{"damage":2,"enemies":"Spheric Guardian","floor":22,"turns":4},{"damage":33,"enemies":"Book of Stabbing","floor":24,"turns":7},{"damage":28,"enemies":"Shelled Parasite and Fungi","floor":27,"turns":6},{"damage":32,"enemies":"Slavers","floor":30,"turns":6},{"damage":5,"enemies":"Centurion and Healer","floor":31,"turns":6},{"damage":39,"enemies":"Champ","floor":33,"turns":5}],"seed_played":"6499844164344802978","potions_obtained":[{"floor":1,"key":"SteroidPotion"},{"floor":8,"key":"Block Potion"},{"floor":14,"key":"Fire Potion"},{"floor":18,"key":"Dexterity Potion"},{"floor":22,"key":"GamblersBrew"},{"floor":30,"key":"Poison Potion"}],"is_trial":false,"path_per_floor":["M","$","$","T","M","E","R","M","T","E","?","R","M","M","R","B",null,"M","?","?","?","M","R","E","R","T","M","R","$","E","M","R","B"],"character_chosen":"DEFECT","items_purchased":["Ball Lightning","Hologram","Coolheaded","Conserve Battery","Ball Lightning"],"campfire_rested":3,"item_purchase_floors":[2,2,3,29,29],"current_hp_per_floor":[68,68,68,68,68,68,68,68,82,66,71,71,55,45,45,39,80,56,50,50,50,48,48,15,43,43,15,43,43,11,6,34,0],"gold":129,"neow_bonus":"THREE_ENEMY_KILL","is_prod":false,"is_daily":false,"chose_seed":false,"campfire_upgraded":4,"win_rate":0,"timestamp":1549951750,"path_taken":["M","?","$","?","M","E","R","M","T","E","?","R","M","?","R","BOSS","M","?","?","?","M","R","E","R","T","?","R","$","E","M","R","BOSS"],"build_version":"2019-01-23","purchased_purges":1,"victory":false,"max_hp_per_floor":[75,75,75,75,75,75,75,75,89,89,94,94,94,94,94,94,94,94,94,94,94,94,94,94,94,94,94,94,94,94,94,94,94],"card_choices":[{"not_picked":["BootSequence","Redo"],"picked":"Barrage","floor":1},{"not_picked":["Redo","Aggregate"],"picked":"Ball Lightning","floor":5},{"not_picked":["Sweeping Beam","Meteor Strike"],"picked":"Ball Lightning","floor":6},{"not_picked":["Rebound","Streamline"],"picked":"Cold Snap","floor":8},{"not_picked":["Sweeping Beam","Blizzard"],"picked":"Conserve Battery","floor":10},{"not_picked":["Fusion","Gash"],"picked":"Leap","floor":13},{"not_picked":["Fusion","Force Field"],"picked":"Coolheaded","floor":14},{"not_picked":["Meteor Strike","Biased Cognition"],"picked":"Seek","floor":16},{"not_picked":["Doom and Gloom","Turbo"],"picked":"Blizzard","floor":18},{"not_picked":["Heatsinks","Recycle","Static Discharge"],"picked":"SKIP","floor":22},{"not_picked":["Turbo","Sweeping Beam"],"picked":"Ball Lightning","floor":24},{"not_picked":["Gash","Turbo"],"picked":"Steam","floor":27},{"not_picked":["Compile Driver","Turbo"],"picked":"Electrodynamics","floor":30},{"not_picked":["Capacitor","Sweeping Beam","Tempest"],"picked":"SKIP","floor":31}],"player_experience":319710,"relics_obtained":[{"floor":4,"key":"Art of War"},{"floor":6,"key":"Oddly Smooth Stone"},{"floor":9,"key":"Mango"},{"floor":10,"key":"Calipers"},{"floor":24,"key":"Bottled Lightning"},{"floor":26,"key":"Symbiotic Virus"},{"floor":30,"key":"Whetstone"}],"event_choices":[{"damage_healed":0,"gold_gain":0,"player_choice":"Donut","damage_taken":0,"max_hp_gain":5,"max_hp_loss":0,"event_name":"Big Fish","floor":11,"gold_loss":0},{"damage_healed":0,"gold_gain":0,"player_choice":"Joined the Cult","damage_taken":6,"max_hp_gain":0,"max_hp_loss":0,"event_name":"Nest","floor":19,"gold_loss":0,"cards_obtained":["RitualDagger"]},{"cards_removed":["Strike_B"],"damage_healed":0,"gold_gain":0,"player_choice":"Gave Gold","damage_taken":0,"max_hp_gain":0,"max_hp_loss":0,"event_name":"Beggar","floor":20,"gold_loss":75},{"damage_healed":0,"gold_gain":0,"player_choice":"Upgraded","damage_taken":0,"max_hp_gain":0,"max_hp_loss":0,"event_name":"Upgrade Shrine","floor":21,"gold_loss":0,"cards_upgraded":["RitualDagger"]}],"is_beta":false,"boss_relics":[{"not_picked":["Velvet Choker","Philosopher\u0027s Stone"],"picked":"Inserter"}],"items_purged_floors":[29],"is_endless":false,"potions_floor_spawned":[1,8,14,18,22,30],"killed_by":"Champ","ascension_level":12}