{"gold_per_floor":[111,111,122,139,119,119,149,12,12,12,24,42,42,79,79,150,150,165,182,196,213,230,262,277,277,277,310,69,83,99,115,115,189,189,206,138,157,172,186,214,226,226,251,251,584,598,12,31,31,31],"floor_reached":51,"playtime":7179,"items_purged":["Pain","Strike_R","Strike_R"],"score":1335,"play_id":"68ffe010-3a47-4409-b80c-0d9df66b73f3","local_time":"20190105231100","is_ascension_mode":true,"campfire_choices":[{"data":"Shrug It Off","floor":6,"key":"SMITH"},{"data":"Body Slam","floor":10,"key":"SMITH"},{"data":"Defend_R","floor":13,"key":"SMITH"},{"data":"Entrench","floor":15,"key":"SMITH"},{"floor":25,"key":"REST"},{"floor":32,"key":"REST"},{"floor":42,"key":"REST"},{"floor":44,"key":"REST"},{"floor":49,"key":"REST"}],"neow_cost":"NONE","seed_source_timestamp":88865983822696,"circlet_count":0,"master_deck":["AscendersBane","Strike_R","Strike_R","Defend_R+1","Defend_R","Defend_R+1","Defend_R+1","Bash","Iron Wave","Clothesline","Sword Boomerang","Shrug It Off+1","Body Slam+1","Jack Of All Trades","Entrench+1","True Grit","Bludgeon","Metallicize","Pommel Strike","Uppercut","Reaper","Shockwave","Body Slam+1","Juggernaut","Shrug It Off","Ghostly Armor","Anger+1","Feed","Uppercut","Spot Weakness+1","Flame Barrier+1","Inflame+1","Power Through","Pommel Strike","Shrug It Off+1","Infernal Blade","Impervious"],"relics":["Burning Blood","WarpedTongs","The Courier","Kunai","Fusion Hammer","Bottled Tornado","FossilizedHelix","Mango","Dream Catcher","Runic Dome","Question Card","Darkstone Periapt","Ancient Tea Set","Old Coin","Bronze Scales","Self Forming Clay","War Paint"],"potions_floor_usage":[16,21,23,31,33,50],"damage_taken":[{"damage":1,"enemies":"Cultist","floor":1,"turns":4},{"damage":4,"enemies":"Jaw Worm","floor":3,"turns":4},{"damage":6,"enemies":"Small Slimes","floor":4,"turns":4},{"damage":20,"enemies":"Gremlin Nob","floor":7,"turns":4},{"damage":9,"enemies":"2 Fungi Beasts","floor":11,"turns":3},{"damage":3,"enemies":"Blue Slaver","floor":12,"turns":4},{"damage":7,"enemies":"Large Slime","floor":14,"turns":6},{"damage":8,"enemies":"The Guardian","floor":16,"turns":12},{"damage":0,"enemies":"Spheric Guardian","floor":18,"turns":5},{"damage":16,"enemies":"3 Byrds","floor":19,"turns":8},{"damage":9,"enemies":"Centurion and Healer","floor":20,"turns":7},{"damage":2,"enemies":"3 Cultists","floor":21,"turns":6},{"damage":15,"enemies":"Cultist and Chosen","floor":22,"turns":8},{"damage":53,"enemies":"Gremlin Leader","floor":23,"turns":8},{"damage":6,"enemies":"Chosen and Byrds","floor":24,"turns":10},{"damage":24,"enemies":"Book of Stabbing","floor":27,"turns":7},{"damage":0,"enemies":"Centurion and Healer","floor":29,"turns":7},{"damage":0,"enemies":"Cultist and Chosen","floor":30,"turns":6},{"damage":6,"enemies":"3 Cultists","floor":31,"turns":5},{"damage":30,"enemies":"Champ","floor":33,"turns":10},{"damage":0,"enemies":"Orb Walker","floor":35,"turns":4},{"damage":18,"enemies":"3 Darklings","floor":37,"turns":7},{"damage":0,"enemies":"Writhing Mass","floor":38,"turns":5},{"damage":23,"enemies":"Maw","floor":39,"turns":7},{"damage":50,"enemies":"Reptomancer","floor":40,"turns":8},{"damage":21,"enemies":"Jaw Worm Horde","floor":41,"turns":6},{"damage":0,"enemies":"Nemesis","floor":45,"turns":7},{"damage":12,"enemies":"3 Darklings","floor":46,"turns":4},{"damage":6,"enemies":"4 Shapes","floor":48,"turns":6},{"damage":89,"enemies":"Time Eater","floor":50,"turns":11}],"seed_played":"7060786799916958372","potions_obtained":[{"floor":3,"key":"Energy Potion"},{"floor":5,"key":"AttackPotion"},{"floor":16,"key":"Energy Potion"},{"floor":20,"key":"PowerPotion"},{"floor":23,"key":"Fire Potion"},{"floor":24,"key":"FairyPotion"},{"floor":31,"key":"PowerPotion"},{"floor":37,"key":"Block Potion"}],"is_trial":false,"path_per_floor":["M","?","M","M","?","R","E","$","T","R","M","M","R","M","R","B",null,"M","M","M","M","M","E","M","R","T","E","$","M","M","M","R","B",null,"M","?","M","M","M","E","M","R","T","R","E","M","$","M","R","B",null],"character_chosen":"IRONCLAD","items_purchased":["Jack Of All Trades","Shrug It Off","Dream Catcher","Bronze Scales","Self Forming Clay","War Paint","Infernal Blade"],"campfire_rested":5,"item_purchase_floors":[8,28,28,47,47,47,47],"current_hp_per_floor":[73,73,75,75,75,75,61,61,61,61,58,61,61,60,60,58,71,75,65,62,66,57,10,22,44,44,40,40,46,58,66,89,65,83,89,89,77,83,70,50,45,75,75,101,101,95,95,98,104,21],"gold":31,"neow_bonus":"TRANSFORM_CARD","is_prod":false,"is_daily":false,"chose_seed":false,"campfire_upgraded":4,"win_rate":0,"timestamp":1546747860,"path_taken":["M","?","?","M","?","R","E","$","T","R","M","M","R","M","R","BOSS","M","M","M","M","M","E","M","R","T","E","$","M","M","M","R","BOSS","M","?","M","M","M","E","M","R","T","R","E","M","$","?","R","BOSS"],"build_version":"2019-01-03v4","purchased_purges":3,"victory":true,"max_hp_per_floor":[75,75,75,75,75,75,75,75,75,75,75,75,75,75,75,75,75,75,75,75,75,75,75,75,75,75,89,89,89,89,89,89,89,89,89,89,89,89,93,97,101,101,101,101,101,101,101,104,104,104],"card_choices":[{"not_picked":["Anger","Headbutt"],"picked":"Clothesline","floor":1},{"not_picked":["Rampage","Power Through"],"picked":"Sword Boomerang","floor":3},{"not_picked":["Iron Wave","Cleave"],"picked":"Shrug It Off","floor":4},{"not_picked":["Bloodletting","Corruption"],"picked":"Body Slam","floor":7},{"not_picked":["Clash","Warcry"],"picked":"Entrench","floor":11},{"not_picked":["Fire Breathing","Bloodletting","Body Slam"],"picked":"SKIP","floor":12},{"not_picked":["Bloodletting","Flex"],"picked":"True Grit","floor":14},{"not_picked":["Immolate","Fiend Fire"],"picked":"Bludgeon","floor":16},{"not_picked":["True Grit","Wild Strike","Headbutt"],"picked":"SKIP","floor":18},{"not_picked":["Bloodletting","Rage"],"picked":"Metallicize","floor":19},{"not_picked":["Clash","Fire Breathing"],"picked":"Pommel Strike","floor":20},{"not_picked":["Heavy Blade","Rampage"],"picked":"Uppercut","floor":21},{"not_picked":["Headbutt","Carnage"],"picked":"Reaper","floor":22},{"not_picked":["Wild Strike","Flex"],"picked":"Shockwave","floor":23},{"not_picked":["Battle Trance","Infernal Blade"],"picked":"Body Slam+1","floor":24},{"not_picked":["True Grit","Armaments"],"picked":"Juggernaut","floor":27},{"not_picked":["Body Slam","Clash+1","Armaments"],"picked":"SKIP","floor":29},{"not_picked":["Twin Strike+1","Carnage"],"picked":"Ghostly Armor","floor":30},{"not_picked":["Twin Strike","Reckless Charge"],"picked":"Anger+1","floor":31},{"not_picked":["Offering","Immolate"],"picked":"Feed","floor":33},{"not_picked":["Reckless Charge","Perfected Strike"],"picked":"Uppercut","floor":35},{"not_picked":["Whirlwind","Metallicize","Flex+1"],"picked":"Spot Weakness+1","floor":37},{"not_picked":["Uppercut","Body Slam","Cleave","Twin Strike"],"picked":"SKIP","floor":38},{"not_picked":["Flex","Cleave+1","Feed","Wild Strike+1"],"picked":"SKIP","floor":39},{"not_picked":["Whirlwind+1","Cleave","True Grit"],"picked":"Flame Barrier+1","floor":40},{"not_picked":["Sword Boomerang","Blood for Blood","Intimidate","Flex"],"picked":"SKIP","floor":41},{"not_picked":["Shrug It Off","Perfected Strike+1","Anger"],"picked":"Inflame+1","floor":42},{"not_picked":["Spot Weakness","Headbutt","Evolve"],"picked":"Power Through","floor":44},{"not_picked":["Sever Soul","Combust","Hemokinesis"],"picked":"Pommel Strike","floor":45},{"not_picked":["Uppercut+1","Clash","Pommel Strike"],"picked":"Shrug It Off+1","floor":46},{"not_picked":["Clothesline","Dropkick+1","Cleave","True Grit"],"picked":"SKIP","floor":48},{"not_picked":["Pummel","Iron Wave+1","Sword Boomerang"],"picked":"Impervious","floor":49}],"player_experience":828418,"relics_obtained":[{"floor":7,"key":"The Courier"},{"floor":9,"key":"Kunai"},{"floor":23,"key":"Bottled Tornado"},{"floor":26,"key":"FossilizedHelix"},{"floor":27,"key":"Mango"},{"floor":40,"key":"Darkstone Periapt"},{"floor":43,"key":"Ancient Tea Set"},{"floor":45,"key":"Old Coin"}],"event_choices":[{"damage_healed":0,"gold_gain":0,"player_choice":"Rummage","damage_taken":0,"relics_obtained":["WarpedTongs"],"max_hp_gain":0,"max_hp_loss":0,"event_name":"Accursed Blacksmith","floor":2,"gold_loss":0,"cards_obtained":["Pain"]},{"damage_healed":0,"gold_gain":0,"player_choice":"Bought 1 Potion","damage_taken":0,"max_hp_gain":0,"max_hp_loss":0,"event_name":"The Woman in Blue","floor":5,"gold_loss":0},{"damage_healed":0,"gold_gain":0,"player_choice":"Paid Gold","damage_taken":0,"relics_obtained":["Question Card"],"max_hp_gain":0,"max_hp_loss":0,"event_name":"WeMeetAgain","floor":36,"gold_loss":68}],"is_beta":false,"boss_relics":[{"not_picked":["Astrolabe","Ectoplasm"],"picked":"Fusion Hammer"},{"not_picked":["Calling Bell","Eternal Feather"],"picked":"Runic Dome"}],"items_purged_floors":[8,28,47],"is_endless":false,"potions_floor_spawned":[3,16,19,20,23,24,31,37,39,40,41,48],"ascension_level":15}